% Roman HLIS Cosmology PIT Deliverable Report REFs
%
% IF YOU DON'T WANT TO FOLLOW THE INSTRUCTIONS BELOW, PLEASE:
%   COPY THE REFERENCES FILE (NAME IT 'references_messy.bib'), 
%   ADD YOUR MESSY REFERENCES INTO IT WHEREVER AND 
%   RUN THE PYTHON SCRIPT `clean_bib.py` TO SAVE THEM TO THIS FILE NEATLY!
% (NOTE THIS MAY STILL NEED SOME MINIMAL MANUAL INTERVENTION AS REGEXP FINDS
% { AND \ IN THE AUTHOR NAMES DIFFICULT.)
%
% PLEASE PASTE BELOW IN ORDERED BY:
% AT FIRST LEVEL: FIRST AUTHOR NAME
% FOR SAME AUTHOR: DESCENDING DATE (a, b, c... for same year)
%
% KEYWORD SHOULD BE FIRST AUTOR NAME (OR COLLABORATION)
%  AND YEAR WITH a,b,c IF NEEDED (e.g. {Sheldon2020a})
% 


% PASTE NON-PAPER REFS HERE AT THE TOP IN ALPHABETICAL ORDER

@INPROCEEDINGS{proposal,
    author = {Brett Andrews and Rachel Bean and Karim Benabed and Jonathan Blazek and Chihway Chang and Ami Choi and Brendan Crill and Olivier Dor√© and Cyrille Doux and Tim Eifler and Harry Ferguson and Christopher Hirata and Shirley Ho and Eric Huff and Olivier Ilbert and Bhuvnesh Jain and Michael Jarvis and Eric Jullo and Elisabeth Krause and Francois Lanusse and Jia Liu and Rachel Mandelbaum and Dida Markovic and Daniel Masters and Henry McCracken and Vivian Miranda and Hironao Miyatake and Jeffrey Newman and Takahiro Nishimichi and Atsushi Nishizawa and Umaa Rebbapragada and Brant Robertson and Robyn Sanderson and Tomomi Sunayama and Masahiro Takada and Romain Teyssier and Michael Troxel and David Weinberg and Benjamin Williams},
    title   = "Maximizing Cosmological Science with the Roman High Latitude Imaging Survey (HLIS)",
    year    = "2023",
    url     = "https://roman-hlis-cosmology.slack.com/files/UPV8TLG3S/F06S3526VSP/roman_pit_hlis__with_title__updated_dei_and_line_numbers_.pdf",
    journal = "NASA ROSES Roman PIT Proposal"
}

@INPROCEEDINGS{Ferguson2022,
       author  = {{Ferguson}, H. and {Sosey}, M. and {Snyder}, G. and {Kolatch}, E.},
       title   = "{Roman Science Operations Center Wide Field Instrument data processing
       summary}",
       journal = {Roman
       Technical Report},
       year    = 2022,
       month   = jan,
       url     = {https://roman.gsfc.nasa.gov/science/roses/Roman_WFI_Processing_v6.pdf}
       }

@MISC{Cobaya,
       author = {{Torrado}, Jes{\'u}s and {Lewis}, Antony},
        title = "{Cobaya: Bayesian analysis in cosmology}",
     keywords = {Software},
 howpublished = {Astrophysics Source Code Library, record ascl:1910.019},
         year = 2019,
        month = oct,
          eid = {ascl:1910.019},
        pages = {ascl:1910.019},
archivePrefix = {ascl},
       eprint = {1910.019},
       adsurl = {https://ui.adsabs.harvard.edu/abs/2019ascl.soft10019T},
      adsnote = {Provided by the SAO/NASA Astrophysics Data System}
}

@MISC{Cocoa-Git,
      author =   {{Miranda}, Vivian and {Eifler}, Tim and {Krause}, Elisabeth},
       title =    {\texttt{CosmoLike}},
    note  = {\url{https://github.com/CosmoLike/cocoa}},
}

@MISC{CosmoCov-Git,
      author =   {{Fang}, Xiao and {Eifler}, Tim and {Krause}, Elisabeth},
       title =    {\texttt{CosmoCov}},
    note  = {\url{https://github.com/CosmoLike/CosmoCov}},
}

@MISC{RAIL-Git,
    note  = {\url{https://github.com/LSSTDESC/RAIL}},
}

@INPROCEEDINGS{SOC,
       author = {{Ferguson}, H. and {Sosey}, M. and {Snyder}, G. and {Kolatch}, E.},
        title = "{Roman Science Operations Center
Wide Field Instrument data processing
summary}",
      journal = {Roman
Technical Report},
         year = 2022,
        month = jan,
       url = {https://roman.gsfc.nasa.gov/science/roses/Roman_WFI_Processing_v6.pdf}
}

@MISC{TreeCorr,
       author = {{Jarvis}, Mike},
        title = "{TreeCorr: Two-point correlation functions}",
     keywords = {Software},
 howpublished = {Astrophysics Source Code Library, record ascl:1508.007},
         year = 2015,
        month = aug,
          eid = {ascl:1508.007},
        pages = {ascl:1508.007},
archivePrefix = {ascl},
       eprint = {1508.007},
       adsurl = {https://ui.adsabs.harvard.edu/abs/2015ascl.soft08007J},
      adsnote = {Provided by the SAO/NASA Astrophysics Data System}
}

@INPROCEEDINGS{WebbPSF,
       author = {{Perrin}, Marshall D. and {Soummer}, R{\'e}mi and {Elliott}, Erin M. and {Lallo}, Matthew D. and {Sivaramakrishnan}, Anand},
        title = "{Simulating point spread functions for the James Webb Space Telescope with WebbPSF}",
    booktitle = {Space Telescopes and Instrumentation 2012: Optical, Infrared, and Millimeter Wave},
         year = 2012,
       editor = {{Clampin}, Mark C. and {Fazio}, Giovanni G. and {MacEwen}, Howard A. and {Oschmann}, Jacobus M., Jr.},
       series = {Society of Photo-Optical Instrumentation Engineers (SPIE) Conference Series},
       volume = {8442},
        month = sep,
          eid = {84423D},
        pages = {84423D},
          doi = {10.1117/12.925230},
       adsurl = {https://ui.adsabs.harvard.edu/abs/2012SPIE.8442E..3DP},
      adsnote = {Provided by the SAO/NASA Astrophysics Data System}
}

% PASTE JOURNAL ARTICLES BELOW IN ALPHABETICAL ORDER AS SPECIFIED AT THE START OF THE FILE


%%%%%%%%%%%%%%%%%%%%%%%%%%%% AAA

@ARTICLE{Abbott2022,
       author        = {{Abbott}, T.~M.~C. and {Aguena}, M. and {Alarcon}, A. and {Allam}, S. and {Alves}, O. and {Amon}, A. and {Andrade-Oliveira}, F. and {Annis}, J. and {Avila}, S. and {Bacon}, D. and {Baxter}, E. and {Bechtol}, K. and {Becker}, M.~R. and {Bernstein}, G.~M. and {Bhargava}, S. and {Birrer}, S. and {Blazek}, J. and {Brandao-Souza}, A. and {Bridle}, S.~L. and {Brooks}, D. and {Buckley-Geer}, E. and {Burke}, D.~L. and {Camacho}, H. and {Campos}, A. and {Carnero Rosell}, A. and {Carrasco Kind}, M. and {Carretero}, J. and {Castander}, F.~J. and {Cawthon}, R. and {Chang}, C. and {Chen}, A. and {Chen}, R. and {Choi}, A. and {Conselice}, C. and {Cordero}, J. and {Costanzi}, M. and {Crocce}, M. and {da Costa}, L.~N. and {da Silva Pereira}, M.~E. and {Davis}, C. and {Davis}, T.~M. and {De Vicente}, J. and {DeRose}, J. and {Desai}, S. and {Di Valentino}, E. and {Diehl}, H.~T. and {Dietrich}, J.~P. and {Dodelson}, S. and {Doel}, P. and {Doux}, C. and {Drlica-Wagner}, A. and {Eckert}, K. and {Eifler}, T.~F. and {Elsner}, F. and {Elvin-Poole}, J. and {Everett}, S. and {Evrard}, A.~E. and {Fang}, X. and {Farahi}, A. and {Fernandez}, E. and {Ferrero}, I. and {Fert{\'e}}, A. and {Fosalba}, P. and {Friedrich}, O. and {Frieman}, J. and {Garc{\'\i}a-Bellido}, J. and {Gatti}, M. and {Gaztanaga}, E. and {Gerdes}, D.~W. and {Giannantonio}, T. and {Giannini}, G. and {Gruen}, D. and {Gruendl}, R.~A. and {Gschwend}, J. and {Gutierrez}, G. and {Harrison}, I. and {Hartley}, W.~G. and {Herner}, K. and {Hinton}, S.~R. and {Hollowood}, D.~L. and {Honscheid}, K. and {Hoyle}, B. and {Huff}, E.~M. and {Huterer}, D. and {Jain}, B. and {James}, D.~J. and {Jarvis}, M. and {Jeffrey}, N. and {Jeltema}, T. and {Kovacs}, A. and {Krause}, E. and {Kron}, R. and {Kuehn}, K. and {Kuropatkin}, N. and {Lahav}, O. and {Leget}, P. -F. and {Lemos}, P. and {Liddle}, A.~R. and {Lidman}, C. and {Lima}, M. and {Lin}, H. and {MacCrann}, N. and {Maia}, M.~A.~G. and {Marshall}, J.~L. and {Martini}, P. and {McCullough}, J. and {Melchior}, P. and {Mena-Fern{\'a}ndez}, J. and {Menanteau}, F. and {Miquel}, R. and {Mohr}, J.~J. and {Morgan}, R. and {Muir}, J. and {Myles}, J. and {Nadathur}, S. and {Navarro-Alsina}, A. and {Nichol}, R.~C. and {Ogando}, R.~L.~C. and {Omori}, Y. and {Palmese}, A. and {Pandey}, S. and {Park}, Y. and {Paz-Chinch{\'o}n}, F. and {Petravick}, D. and {Pieres}, A. and {Plazas Malag{\'o}n}, A.~A. and {Porredon}, A. and {Prat}, J. and {Raveri}, M. and {Rodriguez-Monroy}, M. and {Rollins}, R.~P. and {Romer}, A.~K. and {Roodman}, A. and {Rosenfeld}, R. and {Ross}, A.~J. and {Rykoff}, E.~S. and {Samuroff}, S. and {S{\'a}nchez}, C. and {Sanchez}, E. and {Sanchez}, J. and {Sanchez Cid}, D. and {Scarpine}, V. and {Schubnell}, M. and {Scolnic}, D. and {Secco}, L.~F. and {Serrano}, S. and {Sevilla-Noarbe}, I. and {Sheldon}, E. and {Shin}, T. and {Smith}, M. and {Soares-Santos}, M. and {Suchyta}, E. and {Swanson}, M.~E.~C. and {Tabbutt}, M. and {Tarle}, G. and {Thomas}, D. and {To}, C. and {Troja}, A. and {Troxel}, M.~A. and {Tucker}, D.~L. and {Tutusaus}, I. and {Varga}, T.~N. and {Walker}, A.~R. and {Weaverdyck}, N. and {Wechsler}, R. and {Weller}, J. and {Yanny}, B. and {Yin}, B. and {Zhang}, Y. and {Zuntz}, J. and {DES Collaboration}},
       title         = "{Dark Energy Survey Year 3 results: Cosmological constraints from galaxy clustering and weak lensing}",
       journal       = {\prd},
       keywords      = {Astrophysics - Cosmology and Nongalactic Astrophysics},
       year          = 2022,
       month         = jan,
       volume        = {105},
       number        = {2},
       eid           = {023520},
       pages         = {023520},
       doi           = {10.1103/PhysRevD.105.023520},
       archivePrefix = {arXiv},
       eprint        = {2105.13549},
       primaryClass  = {astro-ph.CO},
       adsurl        = {https://ui.adsabs.harvard.edu/abs/2022PhRvD.105b3520A},
       adsnote       = {Provided by the SAO/NASA Astrophysics Data System}
       }

@ARTICLE{Alonso2019,
       author        = {{Alonso}, David and {Sanchez}, Javier and {Slosar}, An{\v{z}}e and {LSST Dark Energy Science Collaboration}},
       title         = "{A unified pseudo-C$_{{\ensuremath{\ell}}}$ framework}",
       journal       = {\mnras},
       keywords      = {methods: data analysis, methods: numerical, Astrophysics - Cosmology and Nongalactic Astrophysics},
       year          = 2019,
       month         = apr,
       volume        = {484},
       number        = {3},
       pages         = {4127-4151},
       doi           = {10.1093/mnras/stz093},
       archivePrefix = {arXiv},
       eprint        = {1809.09603},
       primaryClass  = {astro-ph.CO},
       adsurl        = {https://ui.adsabs.harvard.edu/abs/2019MNRAS.484.4127A},
       adsnote       = {Provided by the SAO/NASA Astrophysics Data System}
       }

@ARTICLE{Amon2022,
       author        = {{Amon}, A. and {Gruen}, D. and {Troxel}, M.~A. and {MacCrann}, N. and {Dodelson}, S. and {Choi}, A. and {Doux}, C. and {Secco}, L.~F. and {Samuroff}, S. and {Krause}, E. and {Cordero}, J. and {Myles}, J. and {DeRose}, J. and {Wechsler}, R.~H. and {Gatti}, M. and {Navarro-Alsina}, A. and {Bernstein}, G.~M. and {Jain}, B. and {Blazek}, J. and {Alarcon}, A. and {Fert{\'e}}, A. and {Lemos}, P. and {Raveri}, M. and {Campos}, A. and {Prat}, J. and {S{\'a}nchez}, C. and {Jarvis}, M. and {Alves}, O. and {Andrade-Oliveira}, F. and {Baxter}, E. and {Bechtol}, K. and {Becker}, M.~R. and {Bridle}, S.~L. and {Camacho}, H. and {Carnero Rosell}, A. and {Carrasco Kind}, M. and {Cawthon}, R. and {Chang}, C. and {Chen}, R. and {Chintalapati}, P. and {Crocce}, M. and {Davis}, C. and {Diehl}, H.~T. and {Drlica-Wagner}, A. and {Eckert}, K. and {Eifler}, T.~F. and {Elvin-Poole}, J. and {Everett}, S. and {Fang}, X. and {Fosalba}, P. and {Friedrich}, O. and {Gaztanaga}, E. and {Giannini}, G. and {Gruendl}, R.~A. and {Harrison}, I. and {Hartley}, W.~G. and {Herner}, K. and {Huang}, H. and {Huff}, E.~M. and {Huterer}, D. and {Kuropatkin}, N. and {Leget}, P. and {Liddle}, A.~R. and {McCullough}, J. and {Muir}, J. and {Pandey}, S. and {Park}, Y. and {Porredon}, A. and {Refregier}, A. and {Rollins}, R.~P. and {Roodman}, A. and {Rosenfeld}, R. and {Ross}, A.~J. and {Rykoff}, E.~S. and {Sanchez}, J. and {Sevilla-Noarbe}, I. and {Sheldon}, E. and {Shin}, T. and {Troja}, A. and {Tutusaus}, I. and {Tutusaus}, I. and {Varga}, T.~N. and {Weaverdyck}, N. and {Yanny}, B. and {Yin}, B. and {Zhang}, Y. and {Zuntz}, J. and {Aguena}, M. and {Allam}, S. and {Annis}, J. and {Bacon}, D. and {Bertin}, E. and {Bhargava}, S. and {Brooks}, D. and {Buckley-Geer}, E. and {Burke}, D.~L. and {Carretero}, J. and {Costanzi}, M. and {da Costa}, L.~N. and {Pereira}, M.~E.~S. and {De Vicente}, J. and {Desai}, S. and {Dietrich}, J.~P. and {Doel}, P. and {Ferrero}, I. and {Flaugher}, B. and {Frieman}, J. and {Garc{\'\i}a-Bellido}, J. and {Gaztanaga}, E. and {Gerdes}, D.~W. and {Giannantonio}, T. and {Gschwend}, J. and {Gutierrez}, G. and {Hinton}, S.~R. and {Hollowood}, D.~L. and {Honscheid}, K. and {Hoyle}, B. and {James}, D.~J. and {Kron}, R. and {Kuehn}, K. and {Lahav}, O. and {Lima}, M. and {Lin}, H. and {Maia}, M.~A.~G. and {Marshall}, J.~L. and {Martini}, P. and {Melchior}, P. and {Menanteau}, F. and {Miquel}, R. and {Mohr}, J.~J. and {Morgan}, R. and {Ogando}, R.~L.~C. and {Palmese}, A. and {Paz-Chinch{\'o}n}, F. and {Petravick}, D. and {Pieres}, A. and {Romer}, A.~K. and {Sanchez}, E. and {Scarpine}, V. and {Schubnell}, M. and {Serrano}, S. and {Smith}, M. and {Soares-Santos}, M. and {Tarle}, G. and {Thomas}, D. and {To}, C. and {Weller}, J. and {DES Collaboration}},
       title         = "{Dark Energy Survey Year 3 results: Cosmology from cosmic shear and robustness to data calibration}",
       journal       = {\prd},
       keywords      = {Astrophysics - Cosmology and Nongalactic Astrophysics},
       year          = 2022,
       month         = jan,
       volume        = {105},
       number        = {2},
       eid           = {023514},
       pages         = {023514},
       doi           = {10.1103/PhysRevD.105.023514},
       archivePrefix = {arXiv},
       eprint        = {2105.13543},
       primaryClass  = {astro-ph.CO},
       adsurl        = {https://ui.adsabs.harvard.edu/abs/2022PhRvD.105b3514A},
       adsnote       = {Provided by the SAO/NASA Astrophysics Data System}
       }

@ARTICLE{Asgari2021,
       author        = {{Asgari}, Marika and {Lin}, Chieh-An and {Joachimi}, Benjamin and {Giblin}, Benjamin and {Heymans}, Catherine and {Hildebrandt}, Hendrik and {Kannawadi}, Arun and {St{\"o}lzner}, Benjamin and {Tr{\"o}ster}, Tilman and {van den Busch}, Jan Luca and {Wright}, Angus H. and {Bilicki}, Maciej and {Blake}, Chris and {de Jong}, Jelte and {Dvornik}, Andrej and {Erben}, Thomas and {Getman}, Fedor and {Hoekstra}, Henk and {K{\"o}hlinger}, Fabian and {Kuijken}, Konrad and {Miller}, Lance and {Radovich}, Mario and {Schneider}, Peter and {Shan}, HuanYuan and {Valentijn}, Edwin},
       title         = "{KiDS-1000 cosmology: Cosmic shear constraints and comparison between two point statistics}",
       journal       = {\aap},
       keywords      = {gravitational lensing: weak, methods: observational, cosmology: observations, large-scale structure of Universe, cosmological parameters, Astrophysics - Cosmology and Nongalactic Astrophysics},
       year          = 2021,
       month         = jan,
       volume        = {645},
       eid           = {A104},
       pages         = {A104},
       doi           = {10.1051/0004-6361/202039070},
       archivePrefix = {arXiv},
       eprint        = {2007.15633},
       primaryClass  = {astro-ph.CO},
       adsurl        = {https://ui.adsabs.harvard.edu/abs/2021A&A...645A.104A},
       adsnote       = {Provided by the SAO/NASA Astrophysics Data System}
       }


%%%%%%%%%%%%%%%%%%%%%%%%%%%% BBB

@ARTICLE{Blazek2019,
       author        = {{Blazek}, Jonathan A. and {MacCrann}, Niall and {Troxel}, M.~A. and {Fang}, Xiao},
       title         = "{Beyond linear galaxy alignments}",
       journal       = {\prd},
       keywords      = {Astrophysics - Cosmology and Nongalactic Astrophysics, Astrophysics - Astrophysics of Galaxies},
       year          = 2019,
       month         = nov,
       volume        = {100},
       number        = {10},
       eid           = {103506},
       pages         = {103506},
       doi           = {10.1103/PhysRevD.100.103506},
       archivePrefix = {arXiv},
       eprint        = {1708.09247},
       primaryClass  = {astro-ph.CO},
       adsurl        = {https://ui.adsabs.harvard.edu/abs/2019PhRvD.100j3506B},
       adsnote       = {Provided by the SAO/NASA Astrophysics Data System}
       }

@ARTICLE{Boruah2022,
       author        = {{Boruah}, Supranta S. and {Eifler}, Tim and {Miranda}, Vivian and {M}, Sai Krishanth P.},
       title         = "{Accelerating cosmological inference with Gaussian processes and neural networks -- an application to LSST Y1 weak lensing and galaxy clustering}",
       journal       = {arXiv e-prints},
       keywords      = {Astrophysics - Cosmology and Nongalactic Astrophysics},
       year          = 2022,
       month         = mar,
       eid           = {arXiv:2203.06124},
       pages         = {arXiv:2203.06124},
       archivePrefix = {arXiv},
       eprint        = {2203.06124},
       primaryClass  = {astro-ph.CO},
       adsurl        = {https://ui.adsabs.harvard.edu/abs/2022arXiv220306124B},
       adsnote       = {Provided by the SAO/NASA Astrophysics Data System}
       }


%%%%%%%%%%%%%%%%%%%%%%%%%%%% CCC

@ARTICLE{Choi2020,
       author        = {{Choi}, Ami and {Hirata}, Christopher M.},
       title         = "{Brighter-fatter Effect in Near-infrared Detectors. II. Autocorrelation Analysis of H4RG-10 Flats}",
       journal       = {PASP},
       keywords      = {Astrophysics - Instrumentation and Methods for Astrophysics, Astrophysics - Cosmology and Nongalactic Astrophysics},
       year          = 2020,
       month         = jan,
       volume        = {132},
       number        = {1007},
       eid           = {014502},
       pages         = {014502},
       doi           = {10.1088/1538-3873/ab4504},
       archivePrefix = {arXiv},
       eprint        = {1906.01847},
       primaryClass  = {astro-ph.IM},
       adsurl        = {https://ui.adsabs.harvard.edu/abs/2020PASP..132a4502C},
       adsnote       = {Provided by the SAO/NASA Astrophysics Data System}
       }

@ARTICLE{Chudaykin2020,
       author        = {{Chudaykin}, Anton and {Ivanov}, Mikhail M. and {Philcox}, Oliver H.~E. and {Simonovi{\'c}}, Marko},
       title         = "{Nonlinear perturbation theory extension of the Boltzmann code CLASS}",
       journal       = {\prd},
       keywords      = {Astrophysics - Cosmology and Nongalactic Astrophysics},
       year          = 2020,
       month         = sep,
       volume        = {102},
       number        = {6},
       eid           = {063533},
       pages         = {063533},
       doi           = {10.1103/PhysRevD.102.063533},
       archivePrefix = {arXiv},
       eprint        = {2004.10607},
       primaryClass  = {astro-ph.CO},
       adsurl        = {https://ui.adsabs.harvard.edu/abs/2020PhRvD.102f3533C},
       adsnote       = {Provided by the SAO/NASA Astrophysics Data System}
       }

@ARTICLE{Coil2011,
       author        = {{Coil}, Alison L. and {Blanton}, Michael R. and {Burles}, Scott M. and {Cool}, Richard J. and {Eisenstein}, Daniel J. and {Moustakas}, John and {Wong}, Kenneth C. and {Zhu}, Guangtun and {Aird}, James and {Bernstein}, Rebecca A. and {Bolton}, Adam S. and {Hogg}, David W.},
       title         = "{The PRIsm MUlti-object Survey (PRIMUS). I. Survey Overview and Characteristics}",
       journal       = {\apj},
       keywords      = {galaxies: distances and redshifts, galaxies: evolution, galaxies: high-redshift, large-scale structure of universe, surveys, Astrophysics - Cosmology and Nongalactic Astrophysics},
       year          = 2011,
       month         = nov,
       volume        = {741},
       number        = {1},
       eid           = {8},
       pages         = {8},
       doi           = {10.1088/0004-637X/741/1/8},
       archivePrefix = {arXiv},
       eprint        = {1011.4307},
       primaryClass  = {astro-ph.CO},
       adsurl        = {https://ui.adsabs.harvard.edu/abs/2011ApJ...741....8C},
       adsnote       = {Provided by the SAO/NASA Astrophysics Data System}
       }


%%%%%%%%%%%%%%%%%%%%%%%%%%%% DDD

@ARTICLE{DES2017,
       author        = {{DES Collaboration} and {Abbott}, T.~M.~C. and {Abdalla}, F.~B. and
       {Alarcon}, A. and {Aleksi{\'c}}, J. and {Allam}, S. and {Allen}, S. and
       {Amara}, A. and {Annis}, J. and {Asorey}, J. and {Avila}, S. and
       {Bacon}, D. and {Balbinot}, E. and {Banerji}, M. and {Banik}, N. and
       {Barkhouse}, W. and {Baumer}, M. and {Baxter}, E. and {Bechtol}, K. and
       {Becker}, M.~R. and {Benoit-L{\'e}vy}, A. and {Benson}, B.~A. and
       {Bernstein}, G.~M. and {Bertin}, E. and {Blazek}, J. and {Bridle}, S.~L. and
       {Brooks}, D. and {Brout}, D. and {Buckley-Geer}, E. and {Burke}, D.~L. and
       {Busha}, M.~T. and {Capozzi}, D. and {Carnero Rosell}, A. and
       {Carrasco Kind}, M. and {Carretero}, J. and {Castander}, F.~J. and
       {Cawthon}, R. and {Chang}, C. and {Chen}, N. and {Childress}, M. and
       {Choi}, A. and {Conselice}, C. and {Crittenden}, R. and {Crocce}, M. and
       {Cunha}, C.~E. and {D'Andrea}, C.~B. and {da Costa}, L.~N. and
       {Das}, R. and {Davis}, T.~M. and {Davis}, C. and {De Vicente}, J. and
       {DePoy}, D.~L. and {DeRose}, J. and {Desai}, S. and {Diehl}, H.~T. and
       {Dietrich}, J.~P. and {Dodelson}, S. and {Doel}, P. and {Drlica-Wagner}, A. and
       {Eifler}, T.~F. and {Elliott}, A.~E. and {Elsner}, F. and {Elvin-Poole}, J. and
       {Estrada}, J. and {Evrard}, A.~E. and {Fang}, Y. and {Fernandez}, E. and
       {Fert{\'e}}, A. and {Finley}, D.~A. and {Flaugher}, B. and {Fosalba}, P. and
       {Friedrich}, O. and {Frieman}, J. and {Garc{\'{\i}}a-Bellido}, J. and
       {Garcia-Fernandez}, M. and {Gatti}, M. and {Gaztanaga}, E. and
       {Gerdes}, D.~W. and {Giannantonio}, T. and {Gill}, M.~S.~S. and
       {Glazebrook}, K. and {Goldstein}, D.~A. and {Gruen}, D. and
       {Gruendl}, R.~A. and {Gschwend}, J. and {Gutierrez}, G. and
       {Hamilton}, S. and {Hartley}, W.~G. and {Hinton}, S.~R. and
       {Honscheid}, K. and {Hoyle}, B. and {Huterer}, D. and {Jain}, B. and
       {James}, D.~J. and {Jarvis}, M. and {Jeltema}, T. and {Johnson}, M.~D. and
       {Johnson}, M.~W.~G. and {Kacprzak}, T. and {Kent}, S. and {Kim}, A.~G. and
       {King}, A. and {Kirk}, D. and {Kokron}, N. and {Kovacs}, A. and
       {Krause}, E. and {Krawiec}, C. and {Kremin}, A. and {Kuehn}, K. and
       {Kuhlmann}, S. and {Kuropatkin}, N. and {Lacasa}, F. and {Lahav}, O. and
       {Li}, T.~S. and {Liddle}, A.~R. and {Lidman}, C. and {Lima}, M. and
       {Lin}, H. and {MacCrann}, N. and {Maia}, M.~A.~G. and {Makler}, M. and
       {Manera}, M. and {March}, M. and {Marshall}, J.~L. and {Martini}, P. and
       {McMahon}, R.~G. and {Melchior}, P. and {Menanteau}, F. and
       {Miquel}, R. and {Miranda}, V. and {Mudd}, D. and {Muir}, J. and
       {M{\"o}ller}, A. and {Neilsen}, E. and {Nichol}, R.~C. and {Nord}, B. and
       {Nugent}, P. and {Ogando}, R.~L.~C. and {Palmese}, A. and {Peacock}, J. and
       {Peiris}, H.~V. and {Peoples}, J. and {Percival}, W.~J. and
       {Petravick}, D. and {Plazas}, A.~A. and {Porredon}, A. and {Prat}, J. and
       {Pujol}, A. and {Rau}, M.~M. and {Refregier}, A. and {Ricker}, P.~M. and
       {Roe}, N. and {Rollins}, R.~P. and {Romer}, A.~K. and {Roodman}, A. and
       {Rosenfeld}, R. and {Ross}, A.~J. and {Rozo}, E. and {Rykoff}, E.~S. and
       {Sako}, M. and {Salvador}, A.~I. and {Samuroff}, S. and {S{\'a}nchez}, C. and
       {Sanchez}, E. and {Santiago}, B. and {Scarpine}, V. and {Schindler}, R. and
       {Scolnic}, D. and {Secco}, L.~F. and {Serrano}, S. and {Sevilla-Noarbe}, I. and
       {Sheldon}, E. and {Smith}, R.~C. and {Smith}, M. and {Smith}, J. and
       {Soares-Santos}, M. and {Sobreira}, F. and {Suchyta}, E. and
       {Tarle}, G. and {Thomas}, D. and {Troxel}, M.~A. and {Tucker}, D.~L. and
       {Tucker}, B.~E. and {Uddin}, S.~A. and {Varga}, T.~N. and {Vielzeuf}, P. and
       {Vikram}, V. and {Vivas}, A.~K. and {Walker}, A.~R. and {Wang}, M. and
       {Wechsler}, R.~H. and {Weller}, J. and {Wester}, W. and {Wolf}, R.~C. and
       {Yanny}, B. and {Yuan}, F. and {Zenteno}, A. and {Zhang}, B. and
       {Zhang}, Y. and {Zuntz}, J.},
       title         = "{Dark Energy Survey Year 1 Results: Cosmological Constraints from Galaxy Clustering and Weak Lensing}",
       journal       = {ArXiv e-prints},
       archivePrefix = "arXiv",
       eprint        = {1708.01530},
       keywords      = {Astrophysics - Cosmology and Nongalactic Astrophysics},
       year          = 2017,
       month         = aug,
       adsurl        = {http://adsabs.harvard.edu/abs/2017arXiv170801530D},
       adsnote       = {Provided by the SAO/NASA Astrophysics Data System}
       }

@ARTICLE{Desjacques2018,
       author        = {{Desjacques}, Vincent and {Jeong}, Donghui and {Schmidt}, Fabian},
       title         = "{Large-scale galaxy bias}",
       journal       = {\physrep},
       keywords      = {Cosmology, Dark matter, Galaxy bias, Galaxy clustering, Large-scale structure, Primordial non-Gaussianity, Astrophysics - Cosmology and Nongalactic Astrophysics, Astrophysics - Astrophysics of Galaxies, General Relativity and Quantum Cosmology, High Energy Physics - Phenomenology},
       year          = 2018,
       month         = feb,
       volume        = {733},
       pages         = {1-193},
       doi           = {10.1016/j.physrep.2017.12.002},
       archivePrefix = {arXiv},
       eprint        = {1611.09787},
       primaryClass  = {astro-ph.CO},
       adsurl        = {https://ui.adsabs.harvard.edu/abs/2018PhR...733....1D},
       adsnote       = {Provided by the SAO/NASA Astrophysics Data System}
       }


%%%%%%%%%%%%%%%%%%%%%%%%%%%% EEE

@ARTICLE{Eifler2021a,
       author        = {{Eifler}, Tim and {Miyatake}, Hironao and {Krause}, Elisabeth and {Heinrich}, Chen and {Miranda}, Vivian and {Hirata}, Christopher and {Xu}, Jiachuan and {Hemmati}, Shoubaneh and {Simet}, Melanie and {Capak}, Peter and {Choi}, Ami and {Dor{\'e}}, Olivier and {Doux}, Cyrille and {Fang}, Xiao and {Hounsell}, Rebekah and {Huff}, Eric and {Huang}, Hung-Jin and {Jarvis}, Mike and {Kruk}, Jeffrey and {Masters}, Dan and {Rozo}, Eduardo and {Scolnic}, Dan and {Spergel}, David N. and {Troxel}, Michael and {von der Linden}, Anja and {Wang}, Yun and {Weinberg}, David H. and {Wenzl}, Lukas and {Wu}, Hao-Yi},
       title         = "{Cosmology with the Roman Space Telescope - multiprobe strategies}",
       journal       = {\mnras},
       keywords      = {cosmological parameters, cosmology: theory, large-scale structure of the Universe, Astrophysics - Cosmology and Nongalactic Astrophysics},
       year          = 2021,
       month         = oct,
       volume        = {507},
       number        = {2},
       pages         = {1746-1761},
       doi           = {10.1093/mnras/stab1762},
       archivePrefix = {arXiv},
       eprint        = {2004.05271},
       primaryClass  = {astro-ph.CO},
       adsurl        = {https://ui.adsabs.harvard.edu/abs/2021MNRAS.507.1746E},
       adsnote       = {Provided by the SAO/NASA Astrophysics Data System}
       }

@ARTICLE{Eifler2021b,
       author        = {{Eifler}, Tim and {Simet}, Melanie and {Krause}, Elisabeth and {Hirata}, Christopher and {Huang}, Hung-Jin and {Fang}, Xiao and {Miranda}, Vivian and {Mandelbaum}, Rachel and {Doux}, Cyrille and {Heinrich}, Chen and {Huff}, Eric and {Miyatake}, Hironao and {Hemmati}, Shoubaneh and {Xu}, Jiachuan and {Rogozenski}, Paul and {Capak}, Peter and {Choi}, Ami and {Dor{\'e}}, Olivier and {Jain}, Bhuvnesh and {Jarvis}, Mike and {Kruk}, Jeffrey and {MacCrann}, Niall and {Masters}, Dan and {Rozo}, Eduardo and {Spergel}, David N. and {Troxel}, Michael and {von der Linden}, Anja and {Wang}, Yun and {Weinberg}, David H. and {Wenzl}, Lukas and {Wu}, Hao-Yi},
       title         = "{Cosmology with the Roman Space Telescope: synergies with the Rubin Observatory Legacy Survey of Space and Time}",
       journal       = {\mnras},
       keywords      = {cosmological parameters, large-scale structure of the Universe, Astrophysics - Cosmology and Nongalactic Astrophysics},
       year          = 2021,
       month         = oct,
       volume        = {507},
       number        = {1},
       pages         = {1514-1527},
       doi           = {10.1093/mnras/stab533},
       archivePrefix = {arXiv},
       eprint        = {2004.04702},
       primaryClass  = {astro-ph.CO},
       adsurl        = {https://ui.adsabs.harvard.edu/abs/2021MNRAS.507.1514E},
       adsnote       = {Provided by the SAO/NASA Astrophysics Data System}
       }

@ARTICLE{Eifler2015,
       author        = {{Eifler}, T. and {Krause}, E. and {Dodelson}, S. and {Zentner}, A.~R. and
       {Hearin}, A.~P. and {Gnedin}, N.~Y.},
       title         = "{Accounting for baryonic effects in cosmic shear tomography: determining a minimal set of nuisance parameters using PCA}",
       journal       = {\mnras},
       archivePrefix = "arXiv",
       eprint        = {1405.7423},
       keywords      = {cosmological parameters, cosmology: theory, large-scale structure of Universe},
       year          = 2015,
       month         = dec,
       volume        = 454,
       pages         = {2451-2471},
       doi           = {10.1093/mnras/stv2000},
       adsurl        = {http://adsabs.harvard.edu/abs/2015MNRAS.454.2451E},
       adsnote       = {Provided by the SAO/NASA Astrophysics Data System}
       }

@ARTICLE{Euclid2020,
       author        = {{Euclid Collaboration} and {Blanchard}, A. and {Camera}, S. and {Carbone}, C. and {Cardone}, V.~F. and {Casas}, S. and {Clesse}, S. and {Ili{\'c}}, S. and {Kilbinger}, M. and {Kitching}, T. and {Kunz}, M. and {Lacasa}, F. and {Linder}, E. and {Majerotto}, E. and {Markovi{\v{c}}}, K. and {Martinelli}, M. and {Pettorino}, V. and {Pourtsidou}, A. and {Sakr}, Z. and {S{\'a}nchez}, A.~G. and {Sapone}, D. and {Tutusaus}, I. and {Yahia-Cherif}, S. and {Yankelevich}, V. and {Andreon}, S. and {Aussel}, H. and {Balaguera-Antol{\'\i}nez}, A. and {Baldi}, M. and {Bardelli}, S. and {Bender}, R. and {Biviano}, A. and {Bonino}, D. and {Boucaud}, A. and {Bozzo}, E. and {Branchini}, E. and {Brau-Nogue}, S. and {Brescia}, M. and {Brinchmann}, J. and {Burigana}, C. and {Cabanac}, R. and {Capobianco}, V. and {Cappi}, A. and {Carretero}, J. and {Carvalho}, C.~S. and {Casas}, R. and {Castander}, F.~J. and {Castellano}, M. and {Cavuoti}, S. and {Cimatti}, A. and {Cledassou}, R. and {Colodro-Conde}, C. and {Congedo}, G. and {Conselice}, C.~J. and {Conversi}, L. and {Copin}, Y. and {Corcione}, L. and {Coupon}, J. and {Courtois}, H.~M. and {Cropper}, M. and {Da Silva}, A. and {de la Torre}, S. and {Di Ferdinando}, D. and {Dubath}, F. and {Ducret}, F. and {Duncan}, C.~A.~J. and {Dupac}, X. and {Dusini}, S. and {Fabbian}, G. and {Fabricius}, M. and {Farrens}, S. and {Fosalba}, P. and {Fotopoulou}, S. and {Fourmanoit}, N. and {Frailis}, M. and {Franceschi}, E. and {Franzetti}, P. and {Fumana}, M. and {Galeotta}, S. and {Gillard}, W. and {Gillis}, B. and {Giocoli}, C. and {G{\'o}mez-Alvarez}, P. and {Graci{\'a}-Carpio}, J. and {Grupp}, F. and {Guzzo}, L. and {Hoekstra}, H. and {Hormuth}, F. and {Israel}, H. and {Jahnke}, K. and {Keihanen}, E. and {Kermiche}, S. and {Kirkpatrick}, C.~C. and {Kohley}, R. and {Kubik}, B. and {Kurki-Suonio}, H. and {Ligori}, S. and {Lilje}, P.~B. and {Lloro}, I. and {Maino}, D. and {Maiorano}, E. and {Marggraf}, O. and {Martinet}, N. and {Marulli}, F. and {Massey}, R. and {Medinaceli}, E. and {Mei}, S. and {Mellier}, Y. and {Metcalf}, B. and {Metge}, J.~J. and {Meylan}, G. and {Moresco}, M. and {Moscardini}, L. and {Munari}, E. and {Nichol}, R.~C. and {Niemi}, S. and {Nucita}, A.~A. and {Padilla}, C. and {Paltani}, S. and {Pasian}, F. and {Percival}, W.~J. and {Pires}, S. and {Polenta}, G. and {Poncet}, M. and {Pozzetti}, L. and {Racca}, G.~D. and {Raison}, F. and {Renzi}, A. and {Rhodes}, J. and {Romelli}, E. and {Roncarelli}, M. and {Rossetti}, E. and {Saglia}, R. and {Schneider}, P. and {Scottez}, V. and {Secroun}, A. and {Sirri}, G. and {Stanco}, L. and {Starck}, J. -L. and {Sureau}, F. and {Tallada-Cresp{\'\i}}, P. and {Tavagnacco}, D. and {Taylor}, A.~N. and {Tenti}, M. and {Tereno}, I. and {Toledo-Moreo}, R. and {Torradeflot}, F. and {Valenziano}, L. and {Vassallo}, T. and {Verdoes Kleijn}, G.~A. and {Viel}, M. and {Wang}, Y. and {Zacchei}, A. and {Zoubian}, J. and {Zucca}, E.},
       title         = "{Euclid preparation. VII. Forecast validation for Euclid cosmological probes}",
       journal       = {\aap},
       keywords      = {cosmology: observations, cosmological parameters, cosmology: theory, Astrophysics - Cosmology and Nongalactic Astrophysics},
       year          = 2020,
       month         = oct,
       volume        = {642},
       eid           = {A191},
       pages         = {A191},
       doi           = {10.1051/0004-6361/202038071},
       archivePrefix = {arXiv},
       eprint        = {1910.09273},
       primaryClass  = {astro-ph.CO},
       adsurl        = {https://ui.adsabs.harvard.edu/abs/2020A&A...642A.191E},
       adsnote       = {Provided by the SAO/NASA Astrophysics Data System}
       }


%%%%%%%%%%%%%%%%%%%%%%%%%%%% FFF

@ARTICLE{Fang2022,
       author        = {{Fang}, Xiao and {Eifler}, Tim and {Schaan}, Emmanuel and {Huang}, Hung-Jin and {Krause}, Elisabeth and {Ferraro}, Simone},
       title         = "{Cosmology from clustering, cosmic shear, CMB lensing, and cross correlations: combining Rubin observatory and Simons Observatory}",
       journal       = {\mnras},
       keywords      = {cosmological parameters, cosmology: theory, large-scale structure of Universe, Astrophysics - Cosmology and Nongalactic Astrophysics},
       year          = 2022,
       month         = feb,
       volume        = {509},
       number        = {4},
       pages         = {5721-5736},
       doi           = {10.1093/mnras/stab3410},
       archivePrefix = {arXiv},
       eprint        = {2108.00658},
       primaryClass  = {astro-ph.CO},
       adsurl        = {https://ui.adsabs.harvard.edu/abs/2022MNRAS.509.5721F},
       adsnote       = {Provided by the SAO/NASA Astrophysics Data System}
       }

@ARTICLE{Fang2020,
       author        = {{Fang}, Xiao and {Eifler}, Tim and {Krause}, Elisabeth},
       title         = "{2D-FFTLog: efficient computation of real-space covariance matrices for galaxy clustering and weak lensing}",
       journal       = {\mnras},
       keywords      = {cosmological parameters, dark energy, large-scale structure of Universe, cosmology: theory, Astrophysics - Cosmology and Nongalactic Astrophysics, Astrophysics - Astrophysics of Galaxies, Astrophysics - Instrumentation and Methods for Astrophysics},
       year          = 2020,
       month         = sep,
       volume        = {497},
       number        = {3},
       pages         = {2699-2714},
       doi           = {10.1093/mnras/staa1726},
       archivePrefix = {arXiv},
       eprint        = {2004.04833},
       primaryClass  = {astro-ph.CO},
       adsurl        = {https://ui.adsabs.harvard.edu/abs/2020MNRAS.497.2699F},
       adsnote       = {Provided by the SAO/NASA Astrophysics Data System}
       }

@ARTICLE{Freudenburg2020,
       author        = {{Freudenburg}, Jenna K.~C. and {Givans}, Jahmour J. and {Choi}, Ami and {Hirata}, Christopher M. and {Bennett}, Chris and {Cheung}, Stephanie and {Cillis}, Analia and {Cottingham}, Dave and {Hill}, Robert J. and {Mah}, Jon and {Meier}, Lane},
       title         = "{Brighter-fatter Effect in Near-infrared Detectors{\textemdash}III. Fourier-domain Treatment of Flat Field Correlations and Application to WFIRST}",
       journal       = {PASP},
       keywords      = {Astronomical instrumentation, 799, Astrophysics - Instrumentation and Methods for Astrophysics},
       year          = 2020,
       month         = jul,
       volume        = {132},
       number        = {1013},
       eid           = {074504},
       pages         = {074504},
       doi           = {10.1088/1538-3873/ab9503},
       archivePrefix = {arXiv},
       eprint        = {2003.05978},
       primaryClass  = {astro-ph.IM},
       adsurl        = {https://ui.adsabs.harvard.edu/abs/2020PASP..132g4504F},
       adsnote       = {Provided by the SAO/NASA Astrophysics Data System}
       }

@ARTICLE{Friedrich2021,
       author        = {{Friedrich}, O. and {Andrade-Oliveira}, F. and {Camacho}, H. and {Alves}, O. and {Rosenfeld}, R. and {Sanchez}, J. and {Fang}, X. and {Eifler}, T.~F. and {Krause}, E. and {Chang}, C. and {Omori}, Y. and {Amon}, A. and {Baxter}, E. and {Elvin-Poole}, J. and {Huterer}, D. and {Porredon}, A. and {Prat}, J. and {Terra}, V. and {Troja}, A. and {Alarcon}, A. and {Bechtol}, K. and {Bernstein}, G.~M. and {Buchs}, R. and {Campos}, A. and {Carnero Rosell}, A. and {Carrasco Kind}, M. and {Cawthon}, R. and {Choi}, A. and {Cordero}, J. and {Crocce}, M. and {Davis}, C. and {DeRose}, J. and {Diehl}, H.~T. and {Dodelson}, S. and {Doux}, C. and {Drlica-Wagner}, A. and {Elsner}, F. and {Everett}, S. and {Fosalba}, P. and {Gatti}, M. and {Giannini}, G. and {Gruen}, D. and {Gruendl}, R.~A. and {Harrison}, I. and {Hartley}, W.~G. and {Jain}, B. and {Jarvis}, M. and {MacCrann}, N. and {McCullough}, J. and {Muir}, J. and {Myles}, J. and {Pandey}, S. and {Raveri}, M. and {Roodman}, A. and {Rodriguez-Monroy}, M. and {Rykoff}, E.~S. and {Samuroff}, S. and {S{\'a}nchez}, C. and {Secco}, L.~F. and {Sevilla-Noarbe}, I. and {Sheldon}, E. and {Troxel}, M.~A. and {Weaverdyck}, N. and {Yanny}, B. and {Aguena}, M. and {Avila}, S. and {Bacon}, D. and {Bertin}, E. and {Bhargava}, S. and {Brooks}, D. and {Burke}, D.~L. and {Carretero}, J. and {Costanzi}, M. and {da Costa}, L.~N. and {Pereira}, M.~E.~S. and {De Vicente}, J. and {Desai}, S. and {Evrard}, A.~E. and {Ferrero}, I. and {Frieman}, J. and {Garc{\'\i}a-Bellido}, J. and {Gaztanaga}, E. and {Gerdes}, D.~W. and {Giannantonio}, T. and {Gschwend}, J. and {Gutierrez}, G. and {Hinton}, S.~R. and {Hollowood}, D.~L. and {Honscheid}, K. and {James}, D.~J. and {Kuehn}, K. and {Lahav}, O. and {Lima}, M. and {Maia}, M.~A.~G. and {Menanteau}, F. and {Miquel}, R. and {Morgan}, R. and {Palmese}, A. and {Paz-Chinch{\'o}n}, F. and {Plazas}, A.~A. and {Sanchez}, E. and {Scarpine}, V. and {Serrano}, S. and {Soares-Santos}, M. and {Smith}, M. and {Suchyta}, E. and {Tarle}, G. and {Thomas}, D. and {To}, C. and {Varga}, T.~N. and {Weller}, J. and {Wilkinson}, R.~D. and {Wilkinson}, R.~D. and {DES Collaboration}},
       title         = "{Dark Energy Survey year 3 results: covariance modelling and its impact on parameter estimation and quality of fit}",
       journal       = {\mnras},
       keywords      = {large-scale structure of Universe, cosmology: observations, Astrophysics - Cosmology and Nongalactic Astrophysics},
       year          = 2021,
       month         = dec,
       volume        = {508},
       number        = {3},
       pages         = {3125-3165},
       doi           = {10.1093/mnras/stab2384},
       archivePrefix = {arXiv},
       eprint        = {2012.08568},
       primaryClass  = {astro-ph.CO},
       adsurl        = {https://ui.adsabs.harvard.edu/abs/2021MNRAS.508.3125F},
       adsnote       = {Provided by the SAO/NASA Astrophysics Data System}
       }

@ARTICLE{Friedrich2018,
       author        = {{Friedrich}, Oliver and {Eifler}, Tim},
       title         = "{Precision matrix expansion - efficient use of numerical simulations in estimating errors on cosmological parameters}",
       journal       = {\mnras},
       keywords      = {methods: statistical, cosmological parameters, large-scale structure of Universe, Astrophysics - Instrumentation and Methods for Astrophysics},
       year          = 2018,
       month         = jan,
       volume        = {473},
       number        = {3},
       pages         = {4150-4163},
       doi           = {10.1093/mnras/stx2566},
       archivePrefix = {arXiv},
       eprint        = {1703.07786},
       primaryClass  = {astro-ph.IM},
       adsurl        = {https://ui.adsabs.harvard.edu/abs/2018MNRAS.473.4150F},
       adsnote       = {Provided by the SAO/NASA Astrophysics Data System}
       }


%%%%%%%%%%%%%%%%%%%%%%%%%%%% HHH

@ARTICLE{Hamana2020,
       author        = {{Hamana}, Takashi and {Shirasaki}, Masato and {Miyazaki}, Satoshi and {Hikage}, Chiaki and {Oguri}, Masamune and {More}, Surhud and {Armstrong}, Robert and {Leauthaud}, Alexie and {Mandelbaum}, Rachel and {Miyatake}, Hironao and {Nishizawa}, Atsushi J. and {Simet}, Melanie and {Takada}, Masahiro and {Aihara}, Hiroaki and {Bosch}, James and {Komiyama}, Yutaka and {Lupton}, Robert and {Murayama}, Hitoshi and {Strauss}, Michael A. and {Tanaka}, Masayuki},
       title         = "{Cosmological constraints from cosmic shear two-point correlation functions with HSC survey first-year data}",
       journal       = {\pasj},
       keywords      = {cosmological parameters, cosmology: observations, dark matter, large-scale structure of universe, Astrophysics - Cosmology and Nongalactic Astrophysics},
       year          = 2020,
       month         = feb,
       volume        = {72},
       number        = {1},
       eid           = {16},
       pages         = {16},
       doi           = {10.1093/pasj/psz138},
       archivePrefix = {arXiv},
       eprint        = {1906.06041},
       primaryClass  = {astro-ph.CO},
       adsurl        = {https://ui.adsabs.harvard.edu/abs/2020PASJ...72...16H},
       adsnote       = {Provided by the SAO/NASA Astrophysics Data System}
       }

@ARTICLE{Hikage2019,
       author        = {{Hikage}, Chiaki and {Oguri}, Masamune and {Hamana}, Takashi and {More}, Surhud and {Mandelbaum}, Rachel and {Takada}, Masahiro and {K{\"o}hlinger}, Fabian and {Miyatake}, Hironao and {Nishizawa}, Atsushi J. and {Aihara}, Hiroaki and {Armstrong}, Robert and {Bosch}, James and {Coupon}, Jean and {Ducout}, Anne and {Ho}, Paul and {Hsieh}, Bau-Ching and {Komiyama}, Yutaka and {Lanusse}, Fran{\c{c}}ois and {Leauthaud}, Alexie and {Lupton}, Robert H. and {Medezinski}, Elinor and {Mineo}, Sogo and {Miyama}, Shoken and {Miyazaki}, Satoshi and {Murata}, Ryoma and {Murayama}, Hitoshi and {Shirasaki}, Masato and {Sif{\'o}n}, Crist{\'o}bal and {Simet}, Melanie and {Speagle}, Joshua and {Spergel}, David N. and {Strauss}, Michael A. and {Sugiyama}, Naoshi and {Tanaka}, Masayuki and {Utsumi}, Yousuke and {Wang}, Shiang-Yu and {Yamada}, Yoshihiko},
       title         = "{Cosmology from cosmic shear power spectra with Subaru Hyper Suprime-Cam first-year data}",
       journal       = {\pasj},
       keywords      = {dark matter, gravitational lensing: weak, large-scale structure of universe, Astrophysics - Cosmology and Nongalactic Astrophysics},
       year          = 2019,
       month         = apr,
       volume        = {71},
       number        = {2},
       eid           = {43},
       pages         = {43},
       doi           = {10.1093/pasj/psz010},
       archivePrefix = {arXiv},
       eprint        = {1809.09148},
       primaryClass  = {astro-ph.CO},
       adsurl        = {https://ui.adsabs.harvard.edu/abs/2019PASJ...71...43H},
       adsnote       = {Provided by the SAO/NASA Astrophysics Data System}
       }

@ARTICLE{Hirata2023,
       author        = {{Hirata}, Christopher and {Yamamoto}, Masaya and {Laliotis}, Katherine and {Macbeth}, Emily and {Troxel}, M.~A. and {Zhang}, Tianqing and {Choi}, Ami and {Givans}, Jahmour and {Heitmann}, Katrin and {Ishak}, Mustapha and {Jarvis}, Mike and {Long}, Heyang and {Park}, Andy and {Porredon}, Anna and {Wood-Vasey}, W.~Michael},
       title         = "{Simulating image coaddition with the Nancy Grace Roman Space Telescope: I. Simulation methodology and general results}",
       journal       = {arXiv e-prints},
       year          = 2023,
       month         = mar,
       archivePrefix = {arXiv},
       eid           = {arXiv:2303.08749},
       eprint        = {2303.08749}
       }

@ARTICLE{Huang2021,
       author        = {{Huang}, Hung-Jin and {Eifler}, Tim and {Mandelbaum}, Rachel and {Bernstein}, Gary M. and {Chen}, Anqi and {Choi}, Ami and {Garc{\'\i}a-Bellido}, Juan and {Huterer}, Dragan and {Krause}, Elisabeth and {Rozo}, Eduardo and {Singh}, Sukhdeep and {Bridle}, Sarah and {DeRose}, Joseph and {Elvin-Poole}, Jack and {Fang}, Xiao and {Friedrich}, Oliver and {Gatti}, Marco and {Gaztanaga}, Enrique and {Gruen}, Daniel and {Hartley}, Will and {Hoyle}, Ben and {Jarvis}, Mike and {MacCrann}, Niall and {Miranda}, Vivian and {Rau}, Markus and {Prat}, Judit and {S{\'a}nchez}, Carles and {Samuroff}, Simon and {Troxel}, Michael and {Zuntz}, Joe and {Abbott}, Tim and {Aguena}, Michel and {Annis}, James and {Avila}, Santiago and {Becker}, Matthew and {Bertin}, Emmanuel and {Brooks}, David and {Burke}, David and {Carnero Rosell}, Aurelio and {Carrasco Kind}, Matias and {Carretero}, Jorge and {Castander}, Francisco Javier and {da Costa}, Luiz and {De Vicente}, Juan and {Dietrich}, J{\"o}rg and {Doel}, Peter and {Everett}, Spencer and {Flaugher}, Brenna and {Fosalba}, Pablo and {Frieman}, Josh and {Gruendl}, Robert and {Gutierrez}, Gaston and {Hinton}, Samuel and {Honscheid}, Klaus and {James}, David and {Kuehn}, Kyler and {Lahav}, Ofer and {Lima}, Marcos and {Maia}, Marcio and {Marshall}, Jennifer and {Menanteau}, Felipe and {Miquel}, Ramon and {Paz-Chinch{\'o}n}, Francisco and {Malag{\'o}n}, Andr{\'e}s Plazas and {Romer}, Kathy and {Roodman}, Aaron and {Sanchez}, Eusebio and {Scarpine}, Vic and {Serrano}, Santiago and {Sevilla}, Ignacio and {Smith}, Mathew and {Soares-Santos}, Marcelle and {Suchyta}, Eric and {Swanson}, Molly and {Tarle}, Gregory and {Thomas}, Diehl H. and {Weller}, Jochen and {DES Collaboration}},
       title         = "{Dark energy survey year 1 results: Constraining baryonic physics in the Universe}",
       journal       = {\mnras},
       keywords      = {cosmological parameters, cosmology: theory, large-scale structure of Universe, Astrophysics - Cosmology and Nongalactic Astrophysics},
       year          = 2021,
       month         = apr,
       volume        = {502},
       number        = {4},
       pages         = {6010-6031},
       doi           = {10.1093/mnras/stab357},
       archivePrefix = {arXiv},
       eprint        = {2007.15026},
       primaryClass  = {astro-ph.CO},
       adsurl        = {https://ui.adsabs.harvard.edu/abs/2021MNRAS.502.6010H},
       adsnote       = {Provided by the SAO/NASA Astrophysics Data System}
       }

@ARTICLE{Huang2019,
       author        = {{Huang}, Hung-Jin and {Eifler}, Tim and {Mandelbaum}, Rachel and
       {Dodelson}, Scott},
       title         = "{Modelling baryonic physics in future weak lensing surveys}",
       journal       = {\mnras},
       keywords      = {cosmological parameters, cosmology: theory, large-scale structure of Universe, Astrophysics - Cosmology and Nongalactic Astrophysics},
       year          = 2019,
       month         = sep,
       volume        = {488},
       number        = {2},
       pages         = {1652-1678},
       doi           = {10.1093/mnras/stz1714},
       archivePrefix = {arXiv},
       eprint        = {1809.01146},
       primaryClass  = {astro-ph.CO},
       adsurl        = {https://ui.adsabs.harvard.edu/abs/2019MNRAS.488.1652H},
       adsnote       = {Provided by the SAO/NASA Astrophysics Data System}
       }

@ARTICLE{Huertas-Company2023a,
       author        = {{Huertas-Company}, M. and {Lanusse}, F.},
       title         = "{The Dawes Review 10: The impact of deep learning for the analysis of galaxy surveys}",
       journal       = {\pasa},
       keywords      = {methods: data analysis, cosmology: observations, cosmology: theory, galaxies: evolution, galaxies: formation, Astrophysics - Instrumentation and Methods for Astrophysics, Astrophysics - Cosmology and Nongalactic Astrophysics, Astrophysics - Astrophysics of Galaxies},
       year          = 2023,
       month         = jan,
       volume        = {40},
       eid           = {e001},
       pages         = {e001},
       doi           = {10.1017/pasa.2022.55},
       archivePrefix = {arXiv},
       eprint        = {2210.01813},
       primaryClass  = {astro-ph.IM},
       adsurl        = {https://ui.adsabs.harvard.edu/abs/2023PASA...40....1H},
       adsnote       = {Provided by the SAO/NASA Astrophysics Data System}
       }

@ARTICLE{Huertas-Company2023b,
       author        = {{Huertas-Company}, M. and {Lanusse}, F.},
       title         = "{The Dawes Review 10: The impact of deep learning for the analysis of galaxy surveys}",
       journal       = {\pasa},
       keywords      = {methods: data analysis, cosmology: observations, cosmology: theory, galaxies: evolution, galaxies: formation, Astrophysics - Instrumentation and Methods for Astrophysics, Astrophysics - Cosmology and Nongalactic Astrophysics, Astrophysics - Astrophysics of Galaxies},
       year          = 2023,
       month         = jan,
       volume        = {40},
       eid           = {e001},
       pages         = {e001},
       doi           = {10.1017/pasa.2022.55},
       archivePrefix = {arXiv},
       eprint        = {2210.01813},
       primaryClass  = {astro-ph.IM},
       adsurl        = {https://ui.adsabs.harvard.edu/abs/2023PASA...40....1H},
       adsnote       = {Provided by the SAO/NASA Astrophysics Data System}
       }


%%%%%%%%%%%%%%%%%%%%%%%%%%%% JJJ

@ARTICLE{Jain1997,
       author        = {{Jain}, Bhuvnesh and {Seljak}, Uro{\v{s}}},
       title         = "{Cosmological Model Predictions for Weak Lensing: Linear and Nonlinear Regimes}",
       journal       = {\apj},
       keywords      = {Cosmology: Gravitational Lensing, Astrophysics},
       year          = 1997,
       month         = jul,
       volume        = {484},
       number        = {2},
       pages         = {560-573},
       doi           = {10.1086/304372},
       archivePrefix = {arXiv},
       eprint        = {astro-ph/9611077},
       primaryClass  = {astro-ph},
       adsurl        = {https://ui.adsabs.harvard.edu/abs/1997ApJ...484..560J},
       }

@ARTICLE{Jarvis2021,
       author        = {{Jarvis}, M. and {Bernstein}, G.~M. and {Amon}, A. and {Davis}, C. and {L{\'e}get}, P.~F. and {Bechtol}, K. and {Harrison}, I. and {Gatti}, M. and {Roodman}, A. and {Chang}, C. and {Chen}, R. and {Choi}, A. and {Desai}, S. and {Drlica-Wagner}, A. and {Gruen}, D. and {Gruendl}, R.~A. and {Hernandez}, A. and {MacCrann}, N. and {Meyers}, J. and {Navarro-Alsina}, A. and {Pandey}, S. and {Plazas}, A.~A. and {Secco}, L.~F. and {Sheldon}, E. and {Troxel}, M.~A. and {Vorperian}, S. and {Wei}, K. and {Zuntz}, J. and {Abbott}, T.~M.~C. and {Aguena}, M. and {Allam}, S. and {Avila}, S. and {Bhargava}, S. and {Bridle}, S.~L. and {Brooks}, D. and {Carnero Rosell}, A. and {Carrasco Kind}, M. and {Carretero}, J. and {Costanzi}, M. and {da Costa}, L.~N. and {De Vicente}, J. and {Diehl}, H.~T. and {Doel}, P. and {Everett}, S. and {Flaugher}, B. and {Fosalba}, P. and {Frieman}, J. and {Garc{\'\i}a-Bellido}, J. and {Gaztanaga}, E. and {Gerdes}, D.~W. and {Gutierrez}, G. and {Hinton}, S.~R. and {Hollowood}, D.~L. and {Honscheid}, K. and {James}, D.~J. and {Kent}, S. and {Kuehn}, K. and {Kuropatkin}, N. and {Lahav}, O. and {Maia}, M.~A.~G. and {March}, M. and {Marshall}, J.~L. and {Melchior}, P. and {Menanteau}, F. and {Miquel}, R. and {Ogando}, R.~L.~C. and {Paz-Chinch{\'o}n}, F. and {Rykoff}, E.~S. and {Sanchez}, E. and {Scarpine}, V. and {Schubnell}, M. and {Serrano}, S. and {Sevilla-Noarbe}, I. and {Smith}, M. and {Suchyta}, E. and {Swanson}, M.~E.~C. and {Tarle}, G. and {Varga}, T.~N. and {Walker}, A.~R. and {Wester}, W. and {Wilkinson}, R.~D. and {Wilkinson}, R.~D. and {DES Collaboration}},
       title         = "{Dark Energy Survey year 3 results: point spread function modelling}",
       journal       = {\mnras},
       keywords      = {gravitational lensing: weak, techniques: image processing, catalogues, surveys, software: data analysis, cosmology: observations, Astrophysics - Instrumentation and Methods for Astrophysics, Astrophysics - Cosmology and Nongalactic Astrophysics},
       year          = 2021,
       month         = feb,
       volume        = {501},
       number        = {1},
       pages         = {1282-1299},
       doi           = {10.1093/mnras/staa3679},
       archivePrefix = {arXiv},
       eprint        = {2011.03409},
       primaryClass  = {astro-ph.IM},
       adsurl        = {https://ui.adsabs.harvard.edu/abs/2021MNRAS.501.1282J},
       adsnote       = {Provided by the SAO/NASA Astrophysics Data System}
       }

@ARTICLE{Jarvis2004,
       author        = {{Jarvis}, M. and {Bernstein}, G. and {Jain}, B.},
       title         = "{The skewness of the aperture mass statistic}",
       journal       = {\mnras},
       keywords      = {gravitational lensing, Astrophysics},
       year          = 2004,
       month         = jul,
       volume        = {352},
       number        = {1},
       pages         = {338-352},
       doi           = {10.1111/j.1365-2966.2004.07926.x},
       archivePrefix = {arXiv},
       eprint        = {astro-ph/0307393},
       primaryClass  = {astro-ph},
       adsurl        = {https://ui.adsabs.harvard.edu/abs/2004MNRAS.352..338J},
       adsnote       = {Provided by the SAO/NASA Astrophysics Data System}
       }


%%%%%%%%%%%%%%%%%%%%%%%%%%%% KKK

@ARTICLE{Kannawadi2021,
       author        = {{Kannawadi}, Arun and {Rosenberg}, Erik and {Hoekstra}, Henk},
       title         = "{Mitigating the effects of undersampling in weak lensing shear estimation with metacalibration}",
       journal       = {\mnras},
       keywords      = {gravitational lensing: weak, methods: observational, cosmology: observations, Astrophysics - Instrumentation and Methods for Astrophysics, Astrophysics - Cosmology and Nongalactic Astrophysics},
       year          = 2021,
       month         = apr,
       volume        = {502},
       number        = {3},
       pages         = {4048-4063},
       doi           = {10.1093/mnras/stab211},
       archivePrefix = {arXiv},
       eprint        = {2010.04164},
       primaryClass  = {astro-ph.IM},
       adsurl        = {https://ui.adsabs.harvard.edu/abs/2021MNRAS.502.4048K},
       adsnote       = {Provided by the SAO/NASA Astrophysics Data System}
       }

@ARTICLE{Krause2021,
       author        = {{Krause}, E. and {Fang}, X. and {Pandey}, S. and {Secco}, L.~F. and {Alves}, O. and {Huang}, H. and {Blazek}, J. and {Prat}, J. and {Zuntz}, J. and {Eifler}, T.~F. and {MacCrann}, N. and {DeRose}, J. and {Crocce}, M. and {Porredon}, A. and {Jain}, B. and {Troxel}, M.~A. and {Dodelson}, S. and {Huterer}, D. and {Liddle}, A.~R. and {Leonard}, C.~D. and {Amon}, A. and {Chen}, A. and {Elvin-Poole}, J. and {Fert{\'e}}, A. and {Muir}, J. and {Park}, Y. and {Samuroff}, S. and {Brandao-Souza}, A. and {Weaverdyck}, N. and {Zacharegkas}, G. and {Rosenfeld}, R. and {Campos}, A. and {Chintalapati}, P. and {Choi}, A. and {Di Valentino}, E. and {Doux}, C. and {Herner}, K. and {Lemos}, P. and {Mena-Fern{\'a}ndez}, J. and {Omori}, Y. and {Paterno}, M. and {Rodriguez-Monroy}, M. and {Rogozenski}, P. and {Rollins}, R.~P. and {Troja}, A. and {Tutusaus}, I. and {Wechsler}, R.~H. and {Abbott}, T.~M.~C. and {Aguena}, M. and {Allam}, S. and {Andrade-Oliveira}, F. and {Annis}, J. and {Bacon}, D. and {Baxter}, E. and {Bechtol}, K. and {Bernstein}, G.~M. and {Brooks}, D. and {Buckley-Geer}, E. and {Burke}, D.~L. and {Carnero Rosell}, A. and {Carrasco Kind}, M. and {Carretero}, J. and {Castander}, F.~J. and {Cawthon}, R. and {Chang}, C. and {Costanzi}, M. and {da Costa}, L.~N. and {Pereira}, M.~E.~S. and {De Vicente}, J. and {Desai}, S. and {Diehl}, H.~T. and {Doel}, P. and {Everett}, S. and {Evrard}, A.~E. and {Ferrero}, I. and {Flaugher}, B. and {Fosalba}, P. and {Frieman}, J. and {Garc{\'\i}a-Bellido}, J. and {Gaztanaga}, E. and {Gerdes}, D.~W. and {Giannantonio}, T. and {Gruen}, D. and {Gruendl}, R.~A. and {Gschwend}, J. and {Gutierrez}, G. and {Hartley}, W.~G. and {Hinton}, S.~R. and {Hollowood}, D.~L. and {Honscheid}, K. and {Hoyle}, B. and {Huff}, E.~M. and {James}, D.~J. and {Kuehn}, K. and {Kuropatkin}, N. and {Lahav}, O. and {Lima}, M. and {Maia}, M.~A.~G. and {Marshall}, J.~L. and {Martini}, P. and {Melchior}, P. and {Menanteau}, F. and {Miquel}, R. and {Mohr}, J.~J. and {Morgan}, R. and {Myles}, J. and {Palmese}, A. and {Paz-Chinch{\'o}n}, F. and {Petravick}, D. and {Pieres}, A. and {Plazas Malag{\'o}n}, A.~A. and {Sanchez}, E. and {Scarpine}, V. and {Schubnell}, M. and {Serrano}, S. and {Sevilla-Noarbe}, I. and {Smith}, M. and {Soares-Santos}, M. and {Suchyta}, E. and {Tarle}, G. and {Thomas}, D. and {To}, C. and {Varga}, T.~N. and {Weller}, J.},
       title         = "{Dark Energy Survey Year 3 Results: Multi-Probe Modeling Strategy and Validation}",
       journal       = {arXiv e-prints},
       keywords      = {Astrophysics - Cosmology and Nongalactic Astrophysics},
       year          = 2021,
       month         = may,
       eid           = {arXiv:2105.13548},
       pages         = {arXiv:2105.13548},
       doi           = {10.48550/arXiv.2105.13548},
       archivePrefix = {arXiv},
       eprint        = {2105.13548},
       primaryClass  = {astro-ph.CO},
       adsurl        = {https://ui.adsabs.harvard.edu/abs/2021arXiv210513548K},
       adsnote       = {Provided by the SAO/NASA Astrophysics Data System}
       }

@ARTICLE{Krause2017a,
       author        = {{Krause}, E. and {Eifler}, T.~F. and {Zuntz}, J. and {Friedrich}, O. and
       {Troxel}, M.~A. and {Dodelson}, S. and {Blazek}, J. and {Secco}, L.~F. and
       {MacCrann}, N. and {Baxter}, E. and {Chang}, C. and {Chen}, N. and
       {Crocce}, M. and {DeRose}, J. and {Ferte}, A. and {Kokron}, N. and
       {Lacasa}, F. and {Miranda}, V. and {Omori}, Y. and {Porredon}, A. and
       {Rosenfeld}, R. and {Samuroff}, S. and {Wang}, M. and {Wechsler}, R.~H. and
       {Abbott}, T.~M.~C. and {Abdalla}, F.~B. and {Allam}, S. and
       {Annis}, J. and {Bechtol}, K. and {Benoit-Levy}, A. and {Bernstein}, G.~M. and
       {Brooks}, D. and {Burke}, D.~L. and {Capozzi}, D. and {Carrasco Kind}, M. and
       {Carretero}, J. and {D'Andrea}, C.~B. and {da Costa}, L.~N. and
       {Davis}, C. and {DePoy}, D.~L. and {Desai}, S. and {Diehl}, H.~T. and
       {Dietrich}, J.~P. and {Evrard}, A.~E. and {Flaugher}, B. and
       {Fosalba}, P. and {Frieman}, J. and {Garcia-Bellido}, J. and
       {Gaztanaga}, E. and {Giannantonio}, T. and {Gruen}, D. and {Gruendl}, R.~A. and
       {Gschwend}, J. and {Gutierrez}, G. and {Honscheid}, K. and {James}, D.~J. and
       {Jeltema}, T. and {Kuehn}, K. and {Kuhlmann}, S. and {Lahav}, O. and
       {Lima}, M. and {Maia}, M.~A.~G. and {March}, M. and {Marshall}, J.~L. and
       {Martini}, P. and {Menanteau}, F. and {Miquel}, R. and {Nichol}, R.~C. and
       {Plazas}, A.~A. and {Romer}, A.~K. and {Rykoff}, E.~S. and {Sanchez}, E. and
       {Scarpine}, V. and {Schindler}, R. and {Schubnell}, M. and {Sevilla-Noarbe}, I. and
       {Smith}, M. and {Soares-Santos}, M. and {Sobreira}, F. and {Suchyta}, E. and
       {Swanson}, M.~E.~C. and {Tarle}, G. and {Tucker}, D.~L. and
       {Vikram}, V. and {Walker}, A.~R. and {Weller}, J.},
       title         = "{Dark Energy Survey Year 1 Results: Multi-Probe Methodology and Simulated Likelihood Analyses}",
       journal       = {ArXiv e-prints},
       archivePrefix = "arXiv",
       eprint        = {1706.09359},
       keywords      = {Astrophysics - Cosmology and Nongalactic Astrophysics},
       year          = 2017,
       month         = jun,
       adsurl        = {http://adsabs.harvard.edu/abs/2017arXiv170609359K},
       adsnote       = {Provided by the SAO/NASA Astrophysics Data System}
       }

@ARTICLE{Krause2017b,
       author        = {{Krause}, E. and {Eifler}, T.},
       title         = "{cosmolike - cosmological likelihood analyses for photometric galaxy surveys}",
       journal       = {\mnras},
       archivePrefix = "arXiv",
       eprint        = {1601.05779},
       keywords      = {cosmological parameters, large-scale structure of Universe, cosmology: theory},
       year          = 2017,
       month         = sep,
       volume        = 470,
       pages         = {2100-2112},
       doi           = {10.1093/mnras/stx1261},
       adsurl        = {http://adsabs.harvard.edu/abs/2017MNRAS.470.2100K},
       adsnote       = {Provided by the SAO/NASA Astrophysics Data System}
       }

@ARTICLE{Krause2016,
       author        = {{Krause}, E. and {Eifler}, T. and {Blazek}, J.},
       title         = "{The impact of intrinsic alignment on current and future cosmic shear surveys}",
       journal       = {\mnras},
       archivePrefix = "arXiv",
       eprint        = {1506.08730},
       keywords      = {cosmology: theory},
       year          = 2016,
       month         = feb,
       volume        = 456,
       pages         = {207-222},
       doi           = {10.1093/mnras/stv2615},
       adsurl        = {http://adsabs.harvard.edu/abs/2016MNRAS.456..207K},
       adsnote       = {Provided by the SAO/NASA Astrophysics Data System}
       }


%%%%%%%%%%%%%%%%%%%%%%%%%%%% LLL

@ARTICLE{Lauer1999,
       author        = {{Lauer}, Tod R.},
       title         = "{The Photometry of Undersampled Point-Spread Functions}",
       journal       = {\pasp},
       keywords      = {TECHNIQUES: IMAGE PROCESSING, TECHNIQUES: PHOTOMETRIC, Astrophysics},
       year          = 1999,
       month         = nov,
       volume        = {111},
       number        = {765},
       pages         = {1434-1443},
       doi           = {10.1086/316460},
       archivePrefix = {arXiv},
       eprint        = {astro-ph/9907100},
       primaryClass  = {astro-ph},
       adsurl        = {https://ui.adsabs.harvard.edu/abs/1999PASP..111.1434L},
       adsnote       = {Provided by the SAO/NASA Astrophysics Data System}
       }

@ARTICLE{Leonard2023,
       author        = {{Leonard}, C. Danielle and {Ferreira}, Tassia and {Fang}, Xiao and {Reischke}, Robert and {Schoeneberg}, Nils and {Tr{\"o}ster}, Tilman and {Alonso}, David and {Campagne}, Jean-Eric and {Lanusse}, Fran{\c{c}}ois and {Slosar}, An{\v{z}}e and {Ishak}, Mustapha},
       title         = "{The N5K Challenge: Non-Limber Integration for LSST Cosmology}",
       journal       = {The Open Journal of Astrophysics},
       keywords      = {Astrophysics - Cosmology and Nongalactic Astrophysics},
       year          = 2023,
       month         = feb,
       volume        = {6},
       eid           = {8},
       pages         = {8},
       doi           = {10.21105/astro.2212.04291},
       archivePrefix = {arXiv},
       eprint        = {2212.04291},
       primaryClass  = {astro-ph.CO},
       adsurl        = {https://ui.adsabs.harvard.edu/abs/2023OJAp....6E...8L},
       adsnote       = {Provided by the SAO/NASA Astrophysics Data System}
       }

@ARTICLE{Li2022,
       author        = {{Li}, Xiangchong and {Mandelbaum}, Rachel},
       title         = "{Analytical Weak-lensing Shear Responses of Galaxy Properties and Galaxy Detection}",
       journal       = {arXiv e-prints},
       keywords      = {Astrophysics - Cosmology and Nongalactic Astrophysics, Astrophysics - Instrumentation and Methods for Astrophysics},
       year          = 2022,
       month         = aug,
       eid           = {arXiv:2208.10522},
       pages         = {arXiv:2208.10522},
       doi           = {10.48550/arXiv.2208.10522},
       archivePrefix = {arXiv},
       eprint        = {2208.10522},
       primaryClass  = {astro-ph.CO},
       adsurl        = {https://ui.adsabs.harvard.edu/abs/2022arXiv220810522L},
       adsnote       = {Provided by the SAO/NASA Astrophysics Data System}
       }

@ARTICLE{Lochner2018,
       author        = {{Lochner}, M. and {Scolnic}, D.~M. and {Awan}, H. and {Regnault}, N. and
       {Gris}, P. and {Mandelbaum}, R. and {Gawiser}, E. and {Almoubayyed}, H. and
       {Setzer}, C.~N. and {Huber}, S. and {Graham}, M.~L. and {Hlo{\v z}ek}, R. and
       {Biswas}, R. and {Eifler}, T. and {Rothchild}, D. and {Allam}, Jr, T. and
       {Blazek}, J. and {Chang}, C. and {Collett}, T. and {Goobar}, A. and
       {Hook}, I.~M. and {Jarvis}, M. and {Jha}, S.~W. and {Kim}, A.~G. and
       {Marshall}, P. and {McEwen}, J.~D. and {Moniez}, M. and {Newman}, J.~A. and
       {Peiris}, H.~V. and {Petrushevska}, T. and {Rhodes}, J. and
       {Sevilla-Noarbe}, I. and {Slosar}, A. and {Suyu}, S.~H. and
       {Tyson}, J.~A. and {Yoachim}, P.},
       title         = "{Optimizing the LSST Observing Strategy for Dark Energy Science: DESC Recommendations for the Wide-Fast-Deep Survey}",
       journal       = {arXiv e-prints},
       archivePrefix = "arXiv",
       eprint        = {1812.00515},
       primaryClass  = "astro-ph.IM",
       keywords      = {Astrophysics - Instrumentation and Methods for Astrophysics},
       year          = 2018,
       month         = nov,
       adsurl        = {http://adsabs.harvard.edu/abs/2018arXiv181200515L},
       adsnote       = {Provided by the SAO/NASA Astrophysics Data System}
       }

@ARTICLE{Lu2023,
       author        = {{Lu}, Tianhuan and {Haiman}, Zolt{\'a}n and {Li}, Xiangchong},
       title         = "{Cosmological constraints from HSC survey first-year data using deep learning}",
       journal       = {\mnras},
       keywords      = {gravitational lensing: weak, cosmology: theory, cosmological parameters, large-scale structure of Universe, Astrophysics - Cosmology and Nongalactic Astrophysics},
       year          = 2023,
       month         = mar,
       doi           = {10.1093/mnras/stad686},
       archivePrefix = {arXiv},
       eprint        = {2301.01354},
       primaryClass  = {astro-ph.CO},
       adsurl        = {https://ui.adsabs.harvard.edu/abs/2023MNRAS.tmp..653L},
       adsnote       = {Provided by the SAO/NASA Astrophysics Data System}
       }


%%%%%%%%%%%%%%%%%%%%%%%%%%%% MMM

@ARTICLE{MacCrann2022,
       author        = {{MacCrann}, N. and {Becker}, M.~R. and {McCullough}, J. and {Amon}, A. and {Gruen}, D. and {Jarvis}, M. and {Choi}, A. and {Troxel}, M.~A. and {Sheldon}, E. and {Yanny}, B. and {Herner}, K. and {Dodelson}, S. and {Zuntz}, J. and {Eckert}, K. and {Rollins}, R.~P. and {Varga}, T.~N. and {Bernstein}, G.~M. and {Gruendl}, R.~A. and {Harrison}, I. and {Hartley}, W.~G. and {Sevilla-Noarbe}, I. and {Pieres}, A. and {Bridle}, S.~L. and {Myles}, J. and {Alarcon}, A. and {Everett}, S. and {S{\'a}nchez}, C. and {Huff}, E.~M. and {Tarsitano}, F. and {Gatti}, M. and {Secco}, L.~F. and {Abbott}, T.~M.~C. and {Aguena}, M. and {Allam}, S. and {Annis}, J. and {Bacon}, D. and {Bertin}, E. and {Brooks}, D. and {Burke}, D.~L. and {Carnero Rosell}, A. and {Carrasco Kind}, M. and {Carretero}, J. and {Costanzi}, M. and {Crocce}, M. and {Pereira}, M.~E.~S. and {De Vicente}, J. and {Desai}, S. and {Diehl}, H.~T. and {Dietrich}, J.~P. and {Doel}, P. and {Eifler}, T.~F. and {Ferrero}, I. and {Fert{\'e}}, A. and {Flaugher}, B. and {Fosalba}, P. and {Frieman}, J. and {Garc{\'\i}a-Bellido}, J. and {Gaztanaga}, E. and {Gerdes}, D.~W. and {Giannantonio}, T. and {Gschwend}, J. and {Gutierrez}, G. and {Hinton}, S.~R. and {Hollowood}, D.~L. and {Honscheid}, K. and {James}, D.~J. and {Lahav}, O. and {Lima}, M. and {Maia}, M.~A.~G. and {March}, M. and {Marshall}, J.~L. and {Martini}, P. and {Melchior}, P. and {Menanteau}, F. and {Miquel}, R. and {Mohr}, J.~J. and {Morgan}, R. and {Muir}, J. and {Ogando}, R.~L.~C. and {Palmese}, A. and {Paz-Chinch{\'o}n}, F. and {Plazas}, A.~A. and {Rodriguez-Monroy}, M. and {Roodman}, A. and {Samuroff}, S. and {Sanchez}, E. and {Scarpine}, V. and {Serrano}, S. and {Smith}, M. and {Soares-Santos}, M. and {Suchyta}, E. and {Swanson}, M.~E.~C. and {Tarle}, G. and {Thomas}, D. and {To}, C. and {Wilkinson}, R.~D. and {Wilkinson}, R.~D. and {DES Collaboration}},
       title         = "{Dark Energy Survey Y3 results: blending shear and redshift biases in image simulations}",
       journal       = {\mnras},
       keywords      = {gravitational lensing: weak, large-scale structure of Universe, Astrophysics - Cosmology and Nongalactic Astrophysics},
       year          = 2022,
       month         = jan,
       volume        = {509},
       number        = {3},
       pages         = {3371-3394},
       doi           = {10.1093/mnras/stab2870},
       archivePrefix = {arXiv},
       eprint        = {2012.08567},
       primaryClass  = {astro-ph.CO},
       adsurl        = {https://ui.adsabs.harvard.edu/abs/2022MNRAS.509.3371M},
       adsnote       = {Provided by the SAO/NASA Astrophysics Data System}
       }

@ARTICLE{Maksimova2021,
       author        = {{Maksimova}, Nina A. and {Garrison}, Lehman H. and {Eisenstein}, Daniel J. and {Hadzhiyska}, Boryana and {Bose}, Sownak and {Satterthwaite}, Thomas P.},
       title         = "{ABACUSSUMMIT: a massive set of high-accuracy, high-resolution N-body simulations}",
       journal       = {\mnras},
       keywords      = {cosmology: theory, methods: numerical, Astrophysics - Cosmology and Nongalactic Astrophysics},
       year          = 2021,
       month         = dec,
       volume        = {508},
       number        = {3},
       pages         = {4017-4037},
       doi           = {10.1093/mnras/stab2484},
       archivePrefix = {arXiv},
       eprint        = {2110.11398},
       primaryClass  = {astro-ph.CO},
       adsurl        = {https://ui.adsabs.harvard.edu/abs/2021MNRAS.508.4017M},
       adsnote       = {Provided by the SAO/NASA Astrophysics Data System}
       }

@ARTICLE{Markovivc2017,
       author        = {{Markovi{\v{c}}}, Katarina and {Percival}, Will J. and {Scodeggio}, Marco and {Ealet}, Anne and {Wachter}, Stefanie and {Garilli}, Bianca and {Guzzo}, Luigi and {Scaramella}, Roberto and {Maiorano}, Elisabetta and {Amiaux}, J{\'e}r{\^o}me},
       title         = "{Large-scale retrospective relative spectrophotometric self-calibration in space}",
       journal       = {\mnras},
       keywords      = {instrumentation: detectors, methods: statistical, cosmology: observations, large-scale structure of Universe, Astrophysics - Instrumentation and Methods for Astrophysics, Astrophysics - Cosmology and Nongalactic Astrophysics},
       year          = 2017,
       month         = may,
       volume        = {467},
       number        = {3},
       pages         = {3677-3698},
       doi           = {10.1093/mnras/stx283},
       archivePrefix = {arXiv},
       eprint        = {1606.07061},
       primaryClass  = {astro-ph.IM},
       adsurl        = {https://ui.adsabs.harvard.edu/abs/2017MNRAS.467.3677M},
       adsnote       = {Provided by the SAO/NASA Astrophysics Data System}
       }

@ARTICLE{Massey2007,
       author        = {{Massey}, Richard and {Rowe}, Barnaby and {Refregier}, Alexandre and {Bacon}, David J. and {Berg{\'e}}, Joel},
       title         = "{Weak gravitational shear and flexion with polar shapelets}",
       journal       = {\mnras},
       keywords      = {gravitational lensing, methods: data analysis, techniques: image processing, Astrophysics},
       year          = 2007,
       month         = sep,
       volume        = {380},
       number        = {1},
       pages         = {229-245},
       doi           = {10.1111/j.1365-2966.2007.12072.x},
       archivePrefix = {arXiv},
       eprint        = {astro-ph/0609795},
       primaryClass  = {astro-ph},
       adsurl        = {https://ui.adsabs.harvard.edu/abs/2007MNRAS.380..229M},
       adsnote       = {Provided by the SAO/NASA Astrophysics Data System}
       }

@ARTICLE{Masters2019,
       author        = {{Masters}, Daniel C. and {Stern}, Daniel K. and {Cohen}, Judith G. and {Capak}, Peter L. and {Stanford}, S. Adam and {Hernitschek}, Nina and {Galametz}, Audrey and {Davidzon}, Iary and {Rhodes}, Jason D. and {Sanders}, Dave and {Mobasher}, Bahram and {Castander}, Francisco and {Pruett}, Kerianne and {Fotopoulou}, Sotiria},
       title         = "{The Complete Calibration of the Color-Redshift Relation (C3R2) Survey: Analysis and Data Release 2}",
       journal       = {\apj},
       keywords      = {astronomical databases, catalogs, cosmology: observations, galaxies: distances and redshifts, surveys, Astrophysics - Astrophysics of Galaxies, Astrophysics - Cosmology and Nongalactic Astrophysics},
       year          = 2019,
       month         = jun,
       volume        = {877},
       number        = {2},
       eid           = {81},
       pages         = {81},
       doi           = {10.3847/1538-4357/ab184d},
       archivePrefix = {arXiv},
       eprint        = {1904.06394},
       primaryClass  = {astro-ph.GA},
       adsurl        = {https://ui.adsabs.harvard.edu/abs/2019ApJ...877...81M},
       adsnote       = {Provided by the SAO/NASA Astrophysics Data System}
       }

@ARTICLE{Momcheva2016,
       author        = {{Momcheva}, Ivelina G. and {Brammer}, Gabriel B. and {van Dokkum}, Pieter G. and {Skelton}, Rosalind E. and {Whitaker}, Katherine E. and {Nelson}, Erica J. and {Fumagalli}, Mattia and {Maseda}, Michael V. and {Leja}, Joel and {Franx}, Marijn and {Rix}, Hans-Walter and {Bezanson}, Rachel and {Da Cunha}, Elisabete and {Dickey}, Claire and {F{\"o}rster Schreiber}, Natascha M. and {Illingworth}, Garth and {Kriek}, Mariska and {Labb{\'e}}, Ivo and {Ulf Lange}, Johannes and {Lundgren}, Britt F. and {Magee}, Daniel and {Marchesini}, Danilo and {Oesch}, Pascal and {Pacifici}, Camilla and {Patel}, Shannon G. and {Price}, Sedona and {Tal}, Tomer and {Wake}, David A. and {van der Wel}, Arjen and {Wuyts}, Stijn},
       title         = "{The 3D-HST Survey: Hubble Space Telescope WFC3/G141 Grism Spectra, Redshifts, and Emission Line Measurements for \raisebox{-0.5ex}\textasciitilde 100,000 Galaxies}",
       journal       = {ApJS},
       keywords      = {catalogs, galaxies: evolution, methods: data analysis, techniques: spectroscopic, Astrophysics - Astrophysics of Galaxies, Astrophysics - Cosmology and Nongalactic Astrophysics},
       year          = 2016,
       month         = aug,
       volume        = {225},
       number        = {2},
       eid           = {27},
       pages         = {27},
       doi           = {10.3847/0067-0049/225/2/27},
       archivePrefix = {arXiv},
       eprint        = {1510.02106},
       primaryClass  = {astro-ph.GA},
       adsurl        = {https://ui.adsabs.harvard.edu/abs/2016ApJS..225...27M},
       adsnote       = {Provided by the SAO/NASA Astrophysics Data System}
       }

@ARTICLE{Myles2021,
       author        = {{Myles}, J. and {Alarcon}, A. and {Amon}, A. and {S{\'a}nchez}, C. and {Everett}, S. and {DeRose}, J. and {McCullough}, J. and {Gruen}, D. and {Bernstein}, G.~M. and {Troxel}, M.~A. and {Dodelson}, S. and {Campos}, A. and {MacCrann}, N. and {Yin}, B. and {Raveri}, M. and {Amara}, A. and {Becker}, M.~R. and {Choi}, A. and {Cordero}, J. and {Eckert}, K. and {Gatti}, M. and {Giannini}, G. and {Gschwend}, J. and {Gruendl}, R.~A. and {Harrison}, I. and {Hartley}, W.~G. and {Huff}, E.~M. and {Kuropatkin}, N. and {Lin}, H. and {Masters}, D. and {Miquel}, R. and {Prat}, J. and {Roodman}, A. and {Rykoff}, E.~S. and {Sevilla-Noarbe}, I. and {Sheldon}, E. and {Wechsler}, R.~H. and {Yanny}, B. and {Abbott}, T.~M.~C. and {Aguena}, M. and {Allam}, S. and {Annis}, J. and {Bacon}, D. and {Bertin}, E. and {Bhargava}, S. and {Bridle}, S.~L. and {Brooks}, D. and {Burke}, D.~L. and {Carnero Rosell}, A. and {Carrasco Kind}, M. and {Carretero}, J. and {Castander}, F.~J. and {Conselice}, C. and {Costanzi}, M. and {Crocce}, M. and {da Costa}, L.~N. and {Pereira}, M.~E.~S. and {Desai}, S. and {Diehl}, H.~T. and {Eifler}, T.~F. and {Elvin-Poole}, J. and {Evrard}, A.~E. and {Ferrero}, I. and {Fert{\'e}}, A. and {Flaugher}, B. and {Fosalba}, P. and {Frieman}, J. and {Garc{\'\i}a-Bellido}, J. and {Gaztanaga}, E. and {Giannantonio}, T. and {Hinton}, S.~R. and {Hollowood}, D.~L. and {Honscheid}, K. and {Hoyle}, B. and {Huterer}, D. and {James}, D.~J. and {Krause}, E. and {Kuehn}, K. and {Lahav}, O. and {Lima}, M. and {Maia}, M.~A.~G. and {Marshall}, J.~L. and {Martini}, P. and {Melchior}, P. and {Menanteau}, F. and {Mohr}, J.~J. and {Morgan}, R. and {Muir}, J. and {Ogando}, R.~L.~C. and {Palmese}, A. and {Paz-Chinch{\'o}n}, F. and {Plazas}, A.~A. and {Rodriguez-Monroy}, M. and {Samuroff}, S. and {Sanchez}, E. and {Scarpine}, V. and {Secco}, L.~F. and {Serrano}, S. and {Smith}, M. and {Soares-Santos}, M. and {Suchyta}, E. and {Swanson}, M.~E.~C. and {Tarle}, G. and {Thomas}, D. and {To}, C. and {Varga}, T.~N. and {Weller}, J. and {Wester}, W.},
       title         = "{Dark Energy Survey Year 3 results: redshift calibration of the weak lensing source galaxies}",
       journal       = {\mnras},
       keywords      = {gravitational lensing: weak, galaxies: distances and redshifts, dark energy, Astrophysics - Cosmology and Nongalactic Astrophysics},
       year          = 2021,
       month         = aug,
       volume        = {505},
       number        = {3},
       pages         = {4249-4277},
       doi           = {10.1093/mnras/stab1515},
       archivePrefix = {arXiv},
       eprint        = {2012.08566},
       primaryClass  = {astro-ph.CO},
       adsurl        = {https://ui.adsabs.harvard.edu/abs/2021MNRAS.505.4249M},
       adsnote       = {Provided by the SAO/NASA Astrophysics Data System}
       }


%%%%%%%%%%%%%%%%%%%%%%%%%%%% NNN

@ARTICLE{Newman2022,
       author        = {{Newman}, Jeffrey A. and {Gruen}, Daniel},
       title         = "{Photometric Redshifts for Next-Generation Surveys}",
       journal       = {\araa},
       keywords      = {Astrophysics - Cosmology and Nongalactic Astrophysics, Astrophysics - Astrophysics of Galaxies},
       year          = 2022,
       month         = aug,
       volume        = {60},
       pages         = {363-414},
       doi           = {10.1146/annurev-astro-032122-014611},
       archivePrefix = {arXiv},
       eprint        = {2206.13633},
       primaryClass  = {astro-ph.CO},
       adsurl        = {https://ui.adsabs.harvard.edu/abs/2022ARA&A..60..363N},
       adsnote       = {Provided by the SAO/NASA Astrophysics Data System}
       }

@ARTICLE{Newman2008,
       author        = {{Newman}, Jeffrey A.},
       title         = "{Calibrating Redshift Distributions beyond Spectroscopic Limits with Cross-Correlations}",
       journal       = {\apj},
       keywords      = {galaxies: distances and redshifts, large-scale structure of universe, methods: miscellaneous, surveys, Astrophysics},
       year          = 2008,
       month         = sep,
       volume        = {684},
       number        = {1},
       pages         = {88-101},
       doi           = {10.1086/589982},
       archivePrefix = {arXiv},
       eprint        = {0805.1409},
       primaryClass  = {astro-ph},
       adsurl        = {https://ui.adsabs.harvard.edu/abs/2008ApJ...684...88N},
       adsnote       = {Provided by the SAO/NASA Astrophysics Data System}
       }


%%%%%%%%%%%%%%%%%%%%%%%%%%%% OOO

@ARTICLE{Oguri2011,
       author        = {{Oguri}, Masamune and {Takada}, Masahiro},
       title         = "{Combining cluster observables and stacked weak lensing to probe dark energy: Self-calibration of systematic uncertainties}",
       journal       = {\prd},
       keywords      = {95.36.+x, 98.62.Sb, 98.65.Cw, Dark energy, Gravitational lenses and luminous arcs, Galaxy clusters, Astrophysics - Cosmology and Nongalactic Astrophysics},
       year          = 2011,
       month         = jan,
       volume        = {83},
       number        = {2},
       eid           = {023008},
       pages         = {023008},
       doi           = {10.1103/PhysRevD.83.023008},
       archivePrefix = {arXiv},
       eprint        = {1010.0744},
       primaryClass  = {astro-ph.CO},
       adsurl        = {https://ui.adsabs.harvard.edu/abs/2011PhRvD..83b3008O},
       adsnote       = {Provided by the SAO/NASA Astrophysics Data System}
       }


%%%%%%%%%%%%%%%%%%%%%%%%%%%% PPP

@ARTICLE{Pandey2020,
       author        = {{Pandey}, S. and {Krause}, E. and {Jain}, B. and {MacCrann}, N. and {Blazek}, J. and {Crocce}, M. and {DeRose}, J. and {Fang}, X. and {Ferrero}, I. and {Friedrich}, O. and {Aguena}, M. and {Allam}, S. and {Annis}, J. and {Avila}, S. and {Bernstein}, G.~M. and {Brooks}, D. and {Burke}, D.~L. and {Carnero Rosell}, A. and {Carrasco Kind}, M. and {Carretero}, J. and {Costanzi}, M. and {da Costa}, L.~N. and {De Vicente}, J. and {Desai}, S. and {Elvin-Poole}, J. and {Everett}, S. and {Fosalba}, P. and {Frieman}, J. and {Garc{\'\i}a-Bellido}, J. and {Gruen}, D. and {Gruendl}, R.~A. and {Gschwend}, J. and {Gutierrez}, G. and {Honscheid}, K. and {Kuehn}, K. and {Kuropatkin}, N. and {Maia}, M.~A.~G. and {Marshall}, J.~L. and {Menanteau}, F. and {Miquel}, R. and {Palmese}, A. and {Paz-Chinch{\'o}n}, F. and {Plazas}, A.~A. and {Roodman}, A. and {Sanchez}, E. and {Scarpine}, V. and {Schubnell}, M. and {Serrano}, S. and {Sevilla-Noarbe}, I. and {Smith}, M. and {Soares-Santos}, M. and {Suchyta}, E. and {Swanson}, M.~E.~C. and {Tarle}, G. and {Weller}, J. and {DES Collaboration}},
       title         = "{Perturbation theory for modeling galaxy bias: Validation with simulations of the Dark Energy Survey}",
       journal       = {\prd},
       keywords      = {Astrophysics - Cosmology and Nongalactic Astrophysics, Astrophysics - Astrophysics of Galaxies},
       year          = 2020,
       month         = dec,
       volume        = {102},
       number        = {12},
       eid           = {123522},
       pages         = {123522},
       doi           = {10.1103/PhysRevD.102.123522},
       archivePrefix = {arXiv},
       eprint        = {2008.05991},
       primaryClass  = {astro-ph.CO},
       adsurl        = {https://ui.adsabs.harvard.edu/abs/2020PhRvD.102l3522P},
       adsnote       = {Provided by the SAO/NASA Astrophysics Data System}
       }

@ARTICLE{Porredon2022,
       author        = {{Porredon}, A. and {Crocce}, M. and {Elvin-Poole}, J. and {Cawthon}, R. and {Giannini}, G. and {De Vicente}, J. and {Carnero Rosell}, A. and {Ferrero}, I. and {Krause}, E. and {Fang}, X. and {Prat}, J. and {Rodriguez-Monroy}, M. and {Pandey}, S. and {Pocino}, A. and {Castander}, F.~J. and {Choi}, A. and {Amon}, A. and {Tutusaus}, I. and {Dodelson}, S. and {Sevilla-Noarbe}, I. and {Fosalba}, P. and {Gaztanaga}, E. and {Alarcon}, A. and {Alves}, O. and {Andrade-Oliveira}, F. and {Baxter}, E. and {Bechtol}, K. and {Becker}, M.~R. and {Bernstein}, G.~M. and {Blazek}, J. and {Camacho}, H. and {Campos}, A. and {Carrasco Kind}, M. and {Chintalapati}, P. and {Cordero}, J. and {DeRose}, J. and {Di Valentino}, E. and {Doux}, C. and {Eifler}, T.~F. and {Everett}, S. and {Fert{\'e}}, A. and {Friedrich}, O. and {Gatti}, M. and {Gruen}, D. and {Harrison}, I. and {Hartley}, W.~G. and {Herner}, K. and {Huff}, E.~M. and {Huterer}, D. and {Jain}, B. and {Jarvis}, M. and {Lee}, S. and {Lemos}, P. and {MacCrann}, N. and {Mena-Fern{\'a}ndez}, J. and {Muir}, J. and {Myles}, J. and {Park}, Y. and {Raveri}, M. and {Rosenfeld}, R. and {Ross}, A.~J. and {Rykoff}, E.~S. and {Samuroff}, S. and {S{\'a}nchez}, C. and {Sanchez}, E. and {Sanchez}, J. and {Sanchez Cid}, D. and {Scolnic}, D. and {Secco}, L.~F. and {Sheldon}, E. and {Troja}, A. and {Troxel}, M.~A. and {Weaverdyck}, N. and {Yanny}, B. and {Zuntz}, J. and {Abbott}, T.~M.~C. and {Aguena}, M. and {Allam}, S. and {Annis}, J. and {Avila}, S. and {Bacon}, D. and {Bertin}, E. and {Bhargava}, S. and {Brooks}, D. and {Buckley-Geer}, E. and {Burke}, D.~L. and {Carretero}, J. and {Costanzi}, M. and {da Costa}, L.~N. and {Pereira}, M.~E.~S. and {Davis}, T.~M. and {Desai}, S. and {Diehl}, H.~T. and {Dietrich}, J.~P. and {Doel}, P. and {Drlica-Wagner}, A. and {Eckert}, K. and {Evrard}, A.~E. and {Flaugher}, B. and {Frieman}, J. and {Garc{\'\i}a-Bellido}, J. and {Gerdes}, D.~W. and {Giannantonio}, T. and {Gruendl}, R.~A. and {Gschwend}, J. and {Gutierrez}, G. and {Hinton}, S.~R. and {Hollowood}, D.~L. and {Honscheid}, K. and {Hoyle}, B. and {James}, D.~J. and {Kuehn}, K. and {Kuropatkin}, N. and {Lahav}, O. and {Lidman}, C. and {Lima}, M. and {Lin}, H. and {Maia}, M.~A.~G. and {Marshall}, J.~L. and {Martini}, P. and {Melchior}, P. and {Menanteau}, F. and {Miquel}, R. and {Mohr}, J.~J. and {Morgan}, R. and {Ogando}, R.~L.~C. and {Palmese}, A. and {Paz-Chinch{\'o}n}, F. and {Petravick}, D. and {Pieres}, A. and {Plazas Malag{\'o}n}, A.~A. and {Romer}, A.~K. and {Santiago}, B. and {Scarpine}, V. and {Schubnell}, M. and {Serrano}, S. and {Smith}, M. and {Soares-Santos}, M. and {Suchyta}, E. and {Tarle}, G. and {Thomas}, D. and {To}, C. and {Varga}, T.~N. and {Weller}, J. and {DES Collaboration}},
       title         = "{Dark Energy Survey Year 3 results: Cosmological constraints from galaxy clustering and galaxy-galaxy lensing using the MAGLIM lens sample}",
       journal       = {\prd},
       keywords      = {Astrophysics - Cosmology and Nongalactic Astrophysics},
       year          = 2022,
       month         = nov,
       volume        = {106},
       number        = {10},
       eid           = {103530},
       pages         = {103530},
       doi           = {10.1103/PhysRevD.106.103530},
       archivePrefix = {arXiv},
       eprint        = {2105.13546},
       primaryClass  = {astro-ph.CO},
       adsurl        = {https://ui.adsabs.harvard.edu/abs/2022PhRvD.106j3530P},
       adsnote       = {Provided by the SAO/NASA Astrophysics Data System}
       }

@ARTICLE{Prat2022,
       author        = {{Prat}, J. and {Zuntz}, J. and {Omori}, Y. and {Chang}, C. and {Tr{\"o}ster}, T. and {Pedersen}, E. and {Garc{\'\i}a-Garc{\'\i}a}, C. and {Phillips-Longley}, E. and {Sanchez}, J. and {Alonso}, D. and {Gawiser}, E. and {Heitmann}, K. and {Ishak}, M. and {Jarvis}, M. and {Kovacs}, E. and {Larsen}, P. and {Mao}, Y. -Y. and {Medina Varela}, L. and {Zhang}, Z. and {The LSST Dark Energy Science Collaboration}},
       title         = "{The catalog-to-cosmology framework for weak lensing and galaxy clustering for LSST}",
       journal       = {arXiv e-prints},
       keywords      = {Astrophysics - Cosmology and Nongalactic Astrophysics},
       year          = 2022,
       month         = dec,
       eid           = {arXiv:2212.09345},
       pages         = {arXiv:2212.09345},
       doi           = {10.48550/arXiv.2212.09345},
       archivePrefix = {arXiv},
       eprint        = {2212.09345},
       primaryClass  = {astro-ph.CO},
       adsurl        = {https://ui.adsabs.harvard.edu/abs/2022arXiv221209345P},
       adsnote       = {Provided by the SAO/NASA Astrophysics Data System}
       }


%%%%%%%%%%%%%%%%%%%%%%%%%%%% RRR

@ARTICLE{Reboucc2023,
       author        = {{Rebou{\c{c}}as}, Jo{\~a}o and {Gordon}, Jonathan and {de Souza}, Diogo H.~F. and {Zhong}, Kunhao and {Miranda}, Vivian and {Rosenfeld}, Rogerio and {Eifler}, Tim and {Krause}, Elisabeth},
       title         = "{Early dark energy constraints with late-time expansion marginalization}",
       journal       = {arXiv e-prints},
       keywords      = {Astrophysics - Cosmology and Nongalactic Astrophysics},
       year          = 2023,
       month         = feb,
       eid           = {arXiv:2302.07333},
       pages         = {arXiv:2302.07333},
       doi           = {10.48550/arXiv.2302.07333},
       archivePrefix = {arXiv},
       eprint        = {2302.07333},
       primaryClass  = {astro-ph.CO},
       adsurl        = {https://ui.adsabs.harvard.edu/abs/2023arXiv230207333R},
       adsnote       = {Provided by the SAO/NASA Astrophysics Data System}
       }

@ARTICLE{Ribli2019,
       author        = {{Ribli}, Dezs{\H{o}} and {Pataki}, B{\'a}lint {\'A}rmin and {Zorrilla Matilla}, Jos{\'e} Manuel and {Hsu}, Daniel and {Haiman}, Zolt{\'a}n and {Csabai}, Istv{\'a}n},
       title         = "{Weak lensing cosmology with convolutional neural networks on noisy data}",
       journal       = {\mnras},
       keywords      = {gravitational lensing: weak, techniques: image processing, dark matter, Astrophysics - Cosmology and Nongalactic Astrophysics},
       year          = 2019,
       month         = dec,
       volume        = {490},
       number        = {2},
       pages         = {1843-1860},
       doi           = {10.1093/mnras/stz2610},
       archivePrefix = {arXiv},
       eprint        = {1902.03663},
       primaryClass  = {astro-ph.CO},
       adsurl        = {https://ui.adsabs.harvard.edu/abs/2019MNRAS.490.1843R},
       adsnote       = {Provided by the SAO/NASA Astrophysics Data System}
       }

@ARTICLE{Rodr'i2022,
       author        = {{Rodr{\'\i}guez-Monroy}, M. and {Weaverdyck}, N. and {Elvin-Poole}, J. and {Crocce}, M. and {Carnero Rosell}, A. and {Andrade-Oliveira}, F. and {Avila}, S. and {Bechtol}, K. and {Bernstein}, G.~M. and {Blazek}, J. and {Camacho}, H. and {Cawthon}, R. and {De Vicente}, J. and {DeRose}, J. and {Dodelson}, S. and {Everett}, S. and {Fang}, X. and {Ferrero}, I. and {Fert{\'e}}, A. and {Friedrich}, O. and {Gaztanaga}, E. and {Giannini}, G. and {Gruendl}, R.~A. and {Hartley}, W.~G. and {Herner}, K. and {Huff}, E.~M. and {Jarvis}, M. and {Krause}, E. and {MacCrann}, N. and {Mena-Fern{\'a}ndez}, J. and {Muir}, J. and {Pandey}, S. and {Park}, Y. and {Porredon}, A. and {Prat}, J. and {Rosenfeld}, R. and {Ross}, A.~J. and {Rozo}, E. and {Rykoff}, E.~S. and {Sanchez}, E. and {Sanchez Cid}, D. and {Sevilla-Noarbe}, I. and {Tabbutt}, M. and {To}, C. and {Wagoner}, E.~L. and {Wechsler}, R.~H. and {Aguena}, M. and {Allam}, S. and {Amon}, A. and {Annis}, J. and {Bacon}, D. and {Baxter}, E. and {Bertin}, E. and {Bhargava}, S. and {Brooks}, D. and {Burke}, D.~L. and {Carrasco Kind}, M. and {Carretero}, J. and {Castander}, F.~J. and {Choi}, A. and {Conselice}, C. and {Costanzi}, M. and {da Costa}, L.~N. and {Pereira}, M.~E.~S. and {Desai}, S. and {Diehl}, H.~T. and {Flaugher}, B. and {Fosalba}, P. and {Frieman}, J. and {Garc{\'\i}a-Bellido}, J. and {Giannantonio}, T. and {Gruen}, D. and {Gschwend}, J. and {Gutierrez}, G. and {Hinton}, S.~R. and {Hollowood}, D.~L. and {Honscheid}, K. and {Huterer}, D. and {Jain}, B. and {James}, D.~J. and {Kuehn}, K. and {Kuropatkin}, N. and {Lima}, M. and {Maia}, M.~A.~G. and {March}, M. and {Marshall}, J.~L. and {Melchior}, P. and {Menanteau}, F. and {Miller}, C.~J. and {Miquel}, R. and {Mohr}, J.~J. and {Morgan}, R. and {Palmese}, A. and {Paz-Chinch{\'o}n}, F. and {Pieres}, A. and {Plazas Malag{\'o}n}, A.~A. and {Roodman}, A. and {Scarpine}, V. and {Serrano}, S. and {Smith}, M. and {Soares-Santos}, M. and {Suchyta}, E. and {Tarle}, G. and {Thomas}, D. and {Varga}, T.~N. and {DES Collaboration}},
       title         = "{Dark Energy Survey Year 3 results: galaxy clustering and systematics treatment for lens galaxy samples}",
       journal       = {\mnras},
       keywords      = {cosmological parameters, cosmology: observations, dark energy, large-scale structure of the Universe, Astrophysics - Cosmology and Nongalactic Astrophysics},
       year          = 2022,
       month         = apr,
       volume        = {511},
       number        = {2},
       pages         = {2665-2687},
       doi           = {10.1093/mnras/stac104},
       archivePrefix = {arXiv},
       eprint        = {2105.13540},
       primaryClass  = {astro-ph.CO},
       adsurl        = {https://ui.adsabs.harvard.edu/abs/2022MNRAS.511.2665R},
       adsnote       = {Provided by the SAO/NASA Astrophysics Data System}
       }

@ARTICLE{Rowe2011,
       author        = {{Rowe}, Barnaby and {Hirata}, Christopher and {Rhodes}, Jason},
       title         = "{Optimal Linear Image Combination}",
       journal       = {\apj},
       keywords      = {dark energy, gravitational lensing: weak, methods: data analysis, techniques: image processing, techniques: photometric, Astrophysics - Instrumentation and Methods for Astrophysics, Astrophysics - Cosmology and Nongalactic Astrophysics},
       year          = 2011,
       month         = nov,
       volume        = {741},
       number        = {1},
       eid           = {46},
       pages         = {46},
       doi           = {10.1088/0004-637X/741/1/46},
       archivePrefix = {arXiv},
       eprint        = {1105.2852},
       primaryClass  = {astro-ph.IM},
       adsurl        = {https://ui.adsabs.harvard.edu/abs/2011ApJ...741...46R},
       adsnote       = {Provided by the SAO/NASA Astrophysics Data System}
       }

@ARTICLE{Rozo2015,
       author        = {{Rozo}, E. and {Rykoff}, E.~S. and {Becker}, M. and {Reddick}, R.~M. and {Wechsler}, R.~H.},
       title         = "{redMaPPer - IV. Photometric membership identification of red cluster galaxies with 1 per cent precision}",
       journal       = {\mnras},
       keywords      = {galaxies: clusters: general, Astrophysics - Cosmology and Nongalactic Astrophysics},
       year          = 2015,
       month         = oct,
       volume        = {453},
       number        = {1},
       pages         = {38-52},
       doi           = {10.1093/mnras/stv1560},
       archivePrefix = {arXiv},
       eprint        = {1410.1193},
       primaryClass  = {astro-ph.CO},
       adsurl        = {https://ui.adsabs.harvard.edu/abs/2015MNRAS.453...38R},
       adsnote       = {Provided by the SAO/NASA Astrophysics Data System}
       }

@ARTICLE{Rykoff2014,
       author        = {{Rykoff}, E.~S. and {Rozo}, E. and {Busha}, M.~T. and {Cunha}, C.~E. and {Finoguenov}, A. and {Evrard}, A. and {Hao}, J. and {Koester}, B.~P. and {Leauthaud}, A. and {Nord}, B. and {Pierre}, M. and {Reddick}, R. and {Sadibekova}, T. and {Sheldon}, E.~S. and {Wechsler}, R.~H.},
       title         = "{redMaPPer. I. Algorithm and SDSS DR8 Catalog}",
       journal       = {ApJ},
       keywords      = {galaxies: clusters: general, Astrophysics - Cosmology and Nongalactic Astrophysics},
       year          = 2014,
       month         = apr,
       volume        = {785},
       number        = {2},
       eid           = {104},
       pages         = {104},
       doi           = {10.1088/0004-637X/785/2/104},
       archivePrefix = {arXiv},
       eprint        = {1303.3562},
       primaryClass  = {astro-ph.CO},
       adsurl        = {https://ui.adsabs.harvard.edu/abs/2014ApJ...785..104R},
       adsnote       = {Provided by the SAO/NASA Astrophysics Data System}
       }


%%%%%%%%%%%%%%%%%%%%%%%%%%%% SSS

@ARTICLE{Salcedo2020,
       author        = {{Salcedo}, Andr{\'e}s N. and {Wibking}, Benjamin D. and {Weinberg}, David H. and {Wu}, Hao-Yi and {Ferrer}, Douglas and {Eisenstein}, Daniel and {Pinto}, Philip},
       title         = "{Cosmology with stacked cluster weak lensing and cluster-galaxy cross-correlations}",
       journal       = {\mnras},
       keywords      = {methods: numerical, dark matter, cosmology: theory, Astrophysics - Cosmology and Nongalactic Astrophysics},
       year          = 2020,
       month         = jan,
       volume        = {491},
       number        = {3},
       pages         = {3061-3081},
       doi           = {10.1093/mnras/stz2963},
       archivePrefix = {arXiv},
       eprint        = {1906.06499},
       primaryClass  = {astro-ph.CO},
       adsurl        = {https://ui.adsabs.harvard.edu/abs/2020MNRAS.491.3061S},
       adsnote       = {Provided by the SAO/NASA Astrophysics Data System}
       }

@ARTICLE{Schaan2017,
       author        = {{Schaan}, E. and {Krause}, E. and {Eifler}, T. and {Dor{\'e}}, O. and
       {Miyatake}, H. and {Rhodes}, J. and {Spergel}, D.~N.},
       title         = "{Looking through the same lens: Shear calibration for LSST, Euclid, and WFIRST with stage 4 CMB lensing}",
       journal       = {\prd},
       archivePrefix = "arXiv",
       eprint        = {1607.01761},
       year          = 2017,
       month         = jun,
       volume        = 95,
       number        = 12,
       eid           = {123512},
       pages         = {123512},
       doi           = {10.1103/PhysRevD.95.123512},
       adsurl        = {http://adsabs.harvard.edu/abs/2017PhRvD..95l3512S},
       adsnote       = {Provided by the SAO/NASA Astrophysics Data System}
       }

@ARTICLE{Schmidt2009,
       author        = {{Schmidt}, Fabian and {Rozo}, Eduardo and {Dodelson}, Scott and {Hui}, Lam and {Sheldon}, Erin},
       title         = "{Lensing Bias in Cosmic Shear}",
       journal       = {\apj},
       keywords      = {cosmology: theory, dark matter, gravitational lensing, large-scale structure of universe, Astrophysics - Cosmology and Extragalactic Astrophysics},
       year          = 2009,
       month         = sep,
       volume        = {702},
       number        = {1},
       pages         = {593-602},
       doi           = {10.1088/0004-637X/702/1/593},
       archivePrefix = {arXiv},
       eprint        = {0904.4703},
       primaryClass  = {astro-ph.CO},
       adsurl        = {https://ui.adsabs.harvard.edu/abs/2009ApJ...702..593S},
       adsnote       = {Provided by the SAO/NASA Astrophysics Data System}
       }

@ARTICLE{Schneider2002,
       author        = {{Schneider}, P. and {van Waerbeke}, L. and {Mellier}, Y.},
       title         = "{B-modes in cosmic shear from source redshift clustering}",
       journal       = {\aap},
       keywords      = {cosmology, gravitational lensing, large-scale structure of the Universe, Astrophysics},
       year          = 2002,
       month         = jul,
       volume        = {389},
       pages         = {729-741},
       doi           = {10.1051/0004-6361:20020626},
       archivePrefix = {arXiv},
       eprint        = {astro-ph/0112441},
       primaryClass  = {astro-ph},
       adsurl        = {https://ui.adsabs.harvard.edu/abs/2002A&A...389..729S},
       adsnote       = {Provided by the SAO/NASA Astrophysics Data System}
       }

@ARTICLE{Secco2022,
       author        = {{Secco}, L.~F. and {Samuroff}, S. and {Krause}, E. and {Jain}, B. and {Blazek}, J. and {Raveri}, M. and {Campos}, A. and {Amon}, A. and {Chen}, A. and {Doux}, C. and {Choi}, A. and {Gruen}, D. and {Bernstein}, G.~M. and {Chang}, C. and {DeRose}, J. and {Myles}, J. and {Fert{\'e}}, A. and {Lemos}, P. and {Huterer}, D. and {Prat}, J. and {Troxel}, M.~A. and {MacCrann}, N. and {Liddle}, A.~R. and {Kacprzak}, T. and {Fang}, X. and {S{\'a}nchez}, C. and {Pandey}, S. and {Dodelson}, S. and {Chintalapati}, P. and {Hoffmann}, K. and {Alarcon}, A. and {Alves}, O. and {Andrade-Oliveira}, F. and {Baxter}, E.~J. and {Bechtol}, K. and {Becker}, M.~R. and {Brandao-Souza}, A. and {Camacho}, H. and {Carnero Rosell}, A. and {Carrasco Kind}, M. and {Cawthon}, R. and {Cordero}, J.~P. and {Crocce}, M. and {Davis}, C. and {Di Valentino}, E. and {Drlica-Wagner}, A. and {Eckert}, K. and {Eifler}, T.~F. and {Elidaiana}, M. and {Elsner}, F. and {Elvin-Poole}, J. and {Everett}, S. and {Fosalba}, P. and {Friedrich}, O. and {Gatti}, M. and {Giannini}, G. and {Gruendl}, R.~A. and {Harrison}, I. and {Hartley}, W.~G. and {Herner}, K. and {Huang}, H. and {Huff}, E.~M. and {Jarvis}, M. and {Jeffrey}, N. and {Kuropatkin}, N. and {Leget}, P. -F. and {Muir}, J. and {Mccullough}, J. and {Navarro Alsina}, A. and {Omori}, Y. and {Park}, Y. and {Porredon}, A. and {Rollins}, R. and {Roodman}, A. and {Rosenfeld}, R. and {Ross}, A.~J. and {Rykoff}, E.~S. and {Sanchez}, J. and {Sevilla-Noarbe}, I. and {Sheldon}, E.~S. and {Shin}, T. and {Troja}, A. and {Tutusaus}, I. and {Varga}, T.~N. and {Weaverdyck}, N. and {Wechsler}, R.~H. and {Yanny}, B. and {Yin}, B. and {Zhang}, Y. and {Zuntz}, J. and {Abbott}, T.~M.~C. and {Aguena}, M. and {Allam}, S. and {Annis}, J. and {Bacon}, D. and {Bertin}, E. and {Bhargava}, S. and {Bridle}, S.~L. and {Brooks}, D. and {Buckley-Geer}, E. and {Burke}, D.~L. and {Carretero}, J. and {Costanzi}, M. and {da Costa}, L.~N. and {De Vicente}, J. and {Diehl}, H.~T. and {Dietrich}, J.~P. and {Doel}, P. and {Ferrero}, I. and {Flaugher}, B. and {Frieman}, J. and {Garc{\'\i}a-Bellido}, J. and {Gaztanaga}, E. and {Gerdes}, D.~W. and {Giannantonio}, T. and {Gschwend}, J. and {Gutierrez}, G. and {Hinton}, S.~R. and {Hollowood}, D.~L. and {Honscheid}, K. and {Hoyle}, B. and {James}, D.~J. and {Jeltema}, T. and {Kuehn}, K. and {Lahav}, O. and {Lima}, M. and {Lin}, H. and {Maia}, M.~A.~G. and {Marshall}, J.~L. and {Martini}, P. and {Melchior}, P. and {Menanteau}, F. and {Miquel}, R. and {Mohr}, J.~J. and {Morgan}, R. and {Ogando}, R.~L.~C. and {Palmese}, A. and {Paz-Chinch{\'o}n}, F. and {Petravick}, D. and {Pieres}, A. and {Plazas Malag{\'o}n}, A.~A. and {Rodriguez-Monroy}, M. and {Romer}, A.~K. and {Sanchez}, E. and {Scarpine}, V. and {Schubnell}, M. and {Scolnic}, D. and {Serrano}, S. and {Smith}, M. and {Soares-Santos}, M. and {Suchyta}, E. and {Swanson}, M.~E.~C. and {Tarle}, G. and {Thomas}, D. and {To}, C. and {DES Collaboration}},
       title         = "{Dark Energy Survey Year 3 results: Cosmology from cosmic shear and robustness to modeling uncertainty}",
       journal       = {\prd},
       keywords      = {Astrophysics - Cosmology and Nongalactic Astrophysics},
       year          = 2022,
       month         = jan,
       volume        = {105},
       number        = {2},
       eid           = {023515},
       pages         = {023515},
       doi           = {10.1103/PhysRevD.105.023515},
       archivePrefix = {arXiv},
       eprint        = {2105.13544},
       primaryClass  = {astro-ph.CO},
       adsurl        = {https://ui.adsabs.harvard.edu/abs/2022PhRvD.105b3515S},
       adsnote       = {Provided by the SAO/NASA Astrophysics Data System}
       }

@ARTICLE{Sheldon2020,
       author        = {{Sheldon}, Erin S. and {Becker}, Matthew R. and {MacCrann}, Niall and {Jarvis}, Michael},
       title         = "{Mitigating Shear-dependent Object Detection Biases with Metacalibration}",
       journal       = {\apj},
       keywords      = {Weak gravitational lensing, 1797, Astrophysics - Cosmology and Nongalactic Astrophysics},
       year          = 2020,
       month         = oct,
       volume        = {902},
       number        = {2},
       eid           = {138},
       pages         = {138},
       doi           = {10.3847/1538-4357/abb595},
       archivePrefix = {arXiv},
       eprint        = {1911.02505},
       primaryClass  = {astro-ph.CO},
       adsurl        = {https://ui.adsabs.harvard.edu/abs/2020ApJ...902..138S},
       adsnote       = {Provided by the SAO/NASA Astrophysics Data System}
       }

@ARTICLE{Sheldon2017,
       author        = {{Sheldon}, Erin S. and {Huff}, Eric M.},
       title         = "{Practical Weak-lensing Shear Measurement with Metacalibration}",
       journal       = {\apj},
       keywords      = {cosmology: observations, gravitational lensing: weak, methods: observational, Astrophysics - Cosmology and Nongalactic Astrophysics},
       year          = 2017,
       month         = may,
       volume        = {841},
       number        = {1},
       eid           = {24},
       pages         = {24},
       doi           = {10.3847/1538-4357/aa704b},
       archivePrefix = {arXiv},
       eprint        = {1702.02601},
       primaryClass  = {astro-ph.CO},
       adsurl        = {https://ui.adsabs.harvard.edu/abs/2017ApJ...841...24S},
       adsnote       = {Provided by the SAO/NASA Astrophysics Data System}
       }


%%%%%%%%%%%%%%%%%%%%%%%%%%%% TTT

@ARTICLE{DESC2018a,
       author        = {{The LSST Dark Energy Science Collaboration} and {Mandelbaum}, R. and
       {Eifler}, T. and {Hlo{\v z}ek}, R. and {Collett}, T. and {Gawiser}, E. and
       {Scolnic}, D. and {Alonso}, D. and {Awan}, H. and {Biswas}, R. and
       {Blazek}, J. and {Burchat}, P. and {Chisari}, N.~E. and {Dell'Antonio}, I. and
       {Digel}, S. and {Frieman}, J. and {Goldstein}, D.~A. and {Hook}, I. and
       {Ivezi{\'c}}, {\v Z}. and {Kahn}, S.~M. and {Kamath}, S. and
       {Kirkby}, D. and {Kitching}, T. and {Krause}, E. and {Leget}, P.-F. and
       {Marshall}, P.~J. and {Meyers}, J. and {Miyatake}, H. and {Newman}, J.~A. and
       {Nichol}, R. and {Rykoff}, E. and {Sanchez}, F.~J. and {Slosar}, A. and
       {Sullivan}, M. and {Troxel}, M.~A.},
       title         = "{The LSST Dark Energy Science Collaboration (DESC) Science Requirements Document}",
       journal       = {arXiv e-prints},
       archivePrefix = "arXiv",
       eprint        = {1809.01669},
       keywords      = {Astrophysics - Cosmology and Nongalactic Astrophysics},
       year          = 2018,
       month         = sep,
       adsurl        = {http://adsabs.harvard.edu/abs/2018arXiv180901669T},
       adsnote       = {Provided by the SAO/NASA Astrophysics Data System}
       }

@ARTICLE{DESC2018b,
       author        = {{The LSST Dark Energy Science Collaboration} and {Mandelbaum}, R. and
       {Eifler}, T. and {Hlo{\v z}ek}, R. and {Collett}, T. and {Gawiser}, E. and
       {Scolnic}, D. and {Alonso}, D. and {Awan}, H. and {Biswas}, R. and
       {Blazek}, J. and {Burchat}, P. and {Chisari}, N.~E. and {Dell'Antonio}, I. and
       {Digel}, S. and {Frieman}, J. and {Goldstein}, D.~A. and {Hook}, I. and
       {Ivezi{\'c}}, {\v Z}. and {Kahn}, S.~M. and {Kamath}, S. and
       {Kirkby}, D. and {Kitching}, T. and {Krause}, E. and {Leget}, P.-F. and
       {Marshall}, P.~J. and {Meyers}, J. and {Miyatake}, H. and {Newman}, J.~A. and
       {Nichol}, R. and {Rykoff}, E. and {Sanchez}, F.~J. and {Slosar}, A. and
       {Sullivan}, M. and {Troxel}, M.~A.},
       title         = "{The LSST Dark Energy Science Collaboration (DESC) Science Requirements Document}",
       journal       = {arXiv e-prints},
       archivePrefix = "arXiv",
       eprint        = {1809.01669},
       keywords      = {Astrophysics - Cosmology and Nongalactic Astrophysics},
       year          = 2018,
       month         = sep,
       adsurl        = {http://adsabs.harvard.edu/abs/2018arXiv180901669T},
       adsnote       = {Provided by the SAO/NASA Astrophysics Data System}
       }

@ARTICLE{To2021a,
       author        = {{To}, Chun-Hao and {Krause}, Elisabeth and {Rozo}, Eduardo and {Wu}, Hao-Yi and {Gruen}, Daniel and {DeRose}, Joseph and {Rykoff}, Eli and {Wechsler}, Risa H. and {Becker}, Matthew and {Costanzi}, Matteo and {Eifler}, Tim and {da Silva Pereira}, Maria Elidaiana and {Kokron}, Nickolas and {DES Collaboration}},
       title         = "{Combination of cluster number counts and two-point correlations: validation on mock Dark Energy Survey}",
       journal       = {\mnras},
       keywords      = {cosmological parameters, cosmology: theory, large-scale structure of Universe, Astrophysics - Cosmology and Nongalactic Astrophysics},
       year          = 2021,
       month         = apr,
       volume        = {502},
       number        = {3},
       pages         = {4093-4111},
       doi           = {10.1093/mnras/stab239},
       archivePrefix = {arXiv},
       eprint        = {2008.10757},
       primaryClass  = {astro-ph.CO},
       adsurl        = {https://ui.adsabs.harvard.edu/abs/2021MNRAS.502.4093T},
       adsnote       = {Provided by the SAO/NASA Astrophysics Data System}
       }

@ARTICLE{To2021b,
       author        = {{To}, C. and {Krause}, E. and {Rozo}, E. and {Wu}, H. and {Gruen}, D. and {Wechsler}, R.~H. and {Eifler}, T.~F. and {Rykoff}, E.~S. and {Costanzi}, M. and {Becker}, M.~R. and {Bernstein}, G.~M. and {Blazek}, J. and {Bocquet}, S. and {Bridle}, S.~L. and {Cawthon}, R. and {Choi}, A. and {Crocce}, M. and {Davis}, C. and {DeRose}, J. and {Drlica-Wagner}, A. and {Elvin-Poole}, J. and {Fang}, X. and {Farahi}, A. and {Friedrich}, O. and {Gatti}, M. and {Gaztanaga}, E. and {Giannantonio}, T. and {Hartley}, W.~G. and {Hoyle}, B. and {Jarvis}, M. and {MacCrann}, N. and {McClintock}, T. and {Miranda}, V. and {Pereira}, M.~E.~S. and {Park}, Y. and {Porredon}, A. and {Prat}, J. and {Rau}, M.~M. and {Ross}, A.~J. and {Samuroff}, S. and {S{\'a}nchez}, C. and {Sevilla-Noarbe}, I. and {Sheldon}, E. and {Troxel}, M.~A. and {Varga}, T.~N. and {Vielzeuf}, P. and {Zhang}, Y. and {Zuntz}, J. and {Abbott}, T.~M.~C. and {Aguena}, M. and {Amon}, A. and {Annis}, J. and {Avila}, S. and {Bertin}, E. and {Bhargava}, S. and {Brooks}, D. and {Burke}, D.~L. and {Carnero Rosell}, A. and {Carrasco Kind}, M. and {Carretero}, J. and {Chang}, C. and {Conselice}, C. and {da Costa}, L.~N. and {Davis}, T.~M. and {Desai}, S. and {Diehl}, H.~T. and {Dietrich}, J.~P. and {Everett}, S. and {Evrard}, A.~E. and {Ferrero}, I. and {Flaugher}, B. and {Fosalba}, P. and {Frieman}, J. and {Garc{\'\i}a-Bellido}, J. and {Gruendl}, R.~A. and {Gutierrez}, G. and {Hinton}, S.~R. and {Hollowood}, D.~L. and {Honscheid}, K. and {Huterer}, D. and {James}, D.~J. and {Jeltema}, T. and {Kron}, R. and {Kuehn}, K. and {Kuropatkin}, N. and {Lima}, M. and {Maia}, M.~A.~G. and {Marshall}, J.~L. and {Menanteau}, F. and {Miquel}, R. and {Morgan}, R. and {Muir}, J. and {Myles}, J. and {Palmese}, A. and {Paz-Chinch{\'o}n}, F. and {Plazas}, A.~A. and {Romer}, A.~K. and {Roodman}, A. and {Sanchez}, E. and {Santiago}, B. and {Scarpine}, V. and {Serrano}, S. and {Smith}, M. and {Suchyta}, E. and {Swanson}, M.~E.~C. and {Tarle}, G. and {Thomas}, D. and {Tucker}, D.~L. and {Weller}, J. and {Wester}, W. and {Wilkinson}, R.~D. and {DES Collaboration}},
       title         = "{Dark Energy Survey Year 1 Results: Cosmological Constraints from Cluster Abundances, Weak Lensing, and Galaxy Correlations}",
       journal       = {\prl},
       keywords      = {Astrophysics - Cosmology and Nongalactic Astrophysics},
       year          = 2021,
       month         = apr,
       volume        = {126},
       number        = {14},
       eid           = {141301},
       pages         = {141301},
       doi           = {10.1103/PhysRevLett.126.141301},
       archivePrefix = {arXiv},
       eprint        = {2010.01138},
       primaryClass  = {astro-ph.CO},
       adsurl        = {https://ui.adsabs.harvard.edu/abs/2021PhRvL.126n1301T},
       adsnote       = {Provided by the SAO/NASA Astrophysics Data System}
       }

@ARTICLE{Torrado2021,
       doi       = {10.1088/1475-7516/2021/05/057},
       url       = {https://doi.org/10.1088%2F1475-7516%2F2021%2F05%2F057},
       year      = 2021,
       month     = may,
       publisher = {{IOP} Publishing},
       volume    = {2021},
       number    = {05},
       pages     = {057},
       author    = {{Torrado}, J. and {Lewis}, A.},
       title     = {Cobaya: code for Bayesian analysis of hierarchical physical models},
       journal   = {Journal of Cosmology and Astroparticle Physics}
       }

@ARTICLE{Troxel2022,
       author        = {{Troxel}, M.~A. and {Lin}, C. and {Park}, A. and {Hirata}, C. and {Mandelbaum}, R. and {Jarvis}, M. and {Choi}, A. and {Givans}, J. and {Higgins}, M. and {Sanchez}, B. and {Yamamoto}, M. and {Awan}, H. and {Chiang}, J. and {Dore}, O. and {Walter}, C.~W. and {Zhang}, T. and {Cohen-Tanugi}, J. and {Gawiser}, E. and {Hearin}, A. and {Heitmann}, K. and {Ishak}, M. and {Kovacs}, E. and {Mao}, Y. -Y. and {Wood-Vasey}, M. and {the LSST Dark Energy Science Collaboration}},
       title         = "{A Joint Roman Space Telescope and Rubin Observatory Synthetic Wide-Field Imaging Survey}",
       journal       = {arXiv e-prints},
       keywords      = {Astrophysics - Instrumentation and Methods for Astrophysics, Astrophysics - Cosmology and Nongalactic Astrophysics},
       year          = 2022,
       month         = sep,
       eid           = {arXiv:2209.06829},
       pages         = {arXiv:2209.06829},
       doi           = {10.48550/arXiv.2209.06829},
       archivePrefix = {arXiv},
       eprint        = {2209.06829},
       primaryClass  = {astro-ph.IM},
       adsurl        = {https://ui.adsabs.harvard.edu/abs/2022arXiv220906829T},
       adsnote       = {Provided by the SAO/NASA Astrophysics Data System}
       }

@ARTICLE{Troxel2021,
       author        = {{Troxel}, M.~A. and {Long}, H. and {Hirata}, C.~M. and {Choi}, A. and {Jarvis}, M. and {Mandelbaum}, R. and {Wang}, K. and {Yamamoto}, M. and {Hemmati}, S. and {Capak}, P.},
       title         = "{A synthetic Roman Space Telescope High-Latitude Imaging Survey: simulation suite and the impact of wavefront errors on weak gravitational lensing}",
       journal       = {\mnras},
       keywords      = {gravitational lensing: weak, techniques: image processing, large-scale structure of Universe, Astrophysics - Instrumentation and Methods for Astrophysics},
       year          = 2021,
       month         = feb,
       volume        = {501},
       number        = {2},
       pages         = {2044-2070},
       doi           = {10.1093/mnras/staa3658},
       archivePrefix = {arXiv},
       eprint        = {1912.09481},
       primaryClass  = {astro-ph.IM},
       adsurl        = {https://ui.adsabs.harvard.edu/abs/2021MNRAS.501.2044T},
       adsnote       = {Provided by the SAO/NASA Astrophysics Data System}
       }


%%%%%%%%%%%%%%%%%%%%%%%%%%%% VVV

@ARTICLE{vandenBusch2022,
       author        = {{van den Busch}, J.~L. and {Wright}, A.~H. and {Hildebrandt}, H. and {Bilicki}, M. and {Asgari}, M. and {Joudaki}, S. and {Blake}, C. and {Heymans}, C. and {Kannawadi}, A. and {Shan}, H.~Y. and {Tr{\"o}ster}, T.},
       title         = "{KiDS-1000: Cosmic shear with enhanced redshift calibration}",
       journal       = {\aap},
       keywords      = {cosmology: observations, gravitational lensing: weak, galaxies: distances and redshifts, surveys, Astrophysics - Cosmology and Nongalactic Astrophysics},
       year          = 2022,
       month         = aug,
       volume        = {664},
       eid           = {A170},
       pages         = {A170},
       doi           = {10.1051/0004-6361/202142083},
       archivePrefix = {arXiv},
       eprint        = {2204.02396},
       primaryClass  = {astro-ph.CO},
       adsurl        = {https://ui.adsabs.harvard.edu/abs/2022A&A...664A.170V},
       adsnote       = {Provided by the SAO/NASA Astrophysics Data System}
       }

@ARTICLE{Vlah2016,
       author        = {{Vlah}, Zvonimir and {Castorina}, Emanuele and {White}, Martin},
       title         = "{The Gaussian streaming model and convolution Lagrangian effective field theory}",
       journal       = {\jcap},
       keywords      = {Astrophysics - Cosmology and Nongalactic Astrophysics},
       year          = 2016,
       month         = dec,
       volume        = {2016},
       number        = {12},
       eid           = {007},
       pages         = {007},
       doi           = {10.1088/1475-7516/2016/12/007},
       archivePrefix = {arXiv},
       eprint        = {1609.02908},
       primaryClass  = {astro-ph.CO},
       adsurl        = {https://ui.adsabs.harvard.edu/abs/2016JCAP...12..007V},
       adsnote       = {Provided by the SAO/NASA Astrophysics Data System}
       }


%%%%%%%%%%%%%%%%%%%%%%%%%%%% WWW

@ARTICLE{Weinberg2013,
       author        = {{Weinberg}, David H. and {Mortonson}, Michael J. and {Eisenstein}, Daniel J. and {Hirata}, Christopher and {Riess}, Adam G. and {Rozo}, Eduardo},
       title         = "{Observational probes of cosmic acceleration}",
       journal       = {\physrep},
       keywords      = {Astrophysics - Cosmology and Nongalactic Astrophysics},
       year          = 2013,
       month         = sep,
       volume        = {530},
       number        = {2},
       pages         = {87-255},
       doi           = {10.1016/j.physrep.2013.05.001},
       archivePrefix = {arXiv},
       eprint        = {1201.2434},
       primaryClass  = {astro-ph.CO},
       adsurl        = {https://ui.adsabs.harvard.edu/abs/2013PhR...530...87W},
       adsnote       = {Provided by the SAO/NASA Astrophysics Data System}
       }

@ARTICLE{Wibking2020,
       author        = {{Wibking}, Benjamin D. and {Weinberg}, David H. and {Salcedo}, Andr{\'e}s N. and {Wu}, Hao-Yi and {Singh}, Sukhdeep and {Rodr{\'\i}guez-Torres}, Sergio and {Garrison}, Lehman H. and {Eisenstein}, Daniel J.},
       title         = "{Cosmology with galaxy-galaxy lensing on non-perturbative scales: emulation method and application to BOSS LOWZ}",
       journal       = {\mnras},
       keywords      = {large-scale structure of Universe, cosmological parameters, dark energy, cosmology: observations, Astrophysics - Cosmology and Nongalactic Astrophysics},
       year          = 2020,
       month         = feb,
       volume        = {492},
       number        = {2},
       pages         = {2872-2896},
       doi           = {10.1093/mnras/stz3423},
       archivePrefix = {arXiv},
       eprint        = {1907.06293},
       primaryClass  = {astro-ph.CO},
       adsurl        = {https://ui.adsabs.harvard.edu/abs/2020MNRAS.492.2872W},
       adsnote       = {Provided by the SAO/NASA Astrophysics Data System}
       }

@ARTICLE{Wu2021,
       author        = {{Wu}, Hao-Yi and {Weinberg}, David H. and {Salcedo}, Andr{\'e}s N. and {Wibking}, Benjamin D.},
       title         = "{Cosmology with Galaxy Cluster Weak Lensing: Statistical Limits and Experimental Design}",
       journal       = {\apj},
       keywords      = {Galaxy clusters, Cosmology, Weak gravitational lensing, Cosmological parameters, Sigma8, 584, 343, 1797, 339, 1455, Astrophysics - Cosmology and Nongalactic Astrophysics},
       year          = 2021,
       month         = mar,
       volume        = {910},
       number        = {1},
       eid           = {28},
       pages         = {28},
       doi           = {10.3847/1538-4357/abdc23},
       archivePrefix = {arXiv},
       eprint        = {2012.01956},
       primaryClass  = {astro-ph.CO},
       adsurl        = {https://ui.adsabs.harvard.edu/abs/2021ApJ...910...28W},
       adsnote       = {Provided by the SAO/NASA Astrophysics Data System}
       }


%%%%%%%%%%%%%%%%%%%%%%%%%%%% YYY

@ARTICLE{Yamamoto2023a,
       author        = {{Yamamoto}, Masaya and {Troxel}, M.~A. and {Jarvis}, Mike and {Mandelbaum}, Rachel and {Hirata}, Christopher and {Long}, Heyang and {Choi}, Ami and {Zhang}, Tianqing},
       title         = "{Weak gravitational lensing shear estimation with METACALIBRATION for the Roman High-Latitude Imaging Survey}",
       journal       = {\mnras},
       keywords      = {gravitational lensing: weak, techniques: image processing, cosmology: observations, Astrophysics - Instrumentation and Methods for Astrophysics, Astrophysics - Cosmology and Nongalactic Astrophysics},
       year          = 2023,
       month         = mar,
       volume        = {519},
       number        = {3},
       pages         = {4241-4252},
       doi           = {10.1093/mnras/stac2644},
       archivePrefix = {arXiv},
       eprint        = {2203.08845},
       primaryClass  = {astro-ph.IM},
       adsurl        = {https://ui.adsabs.harvard.edu/abs/2023MNRAS.519.4241Y},
       adsnote       = {Provided by the SAO/NASA Astrophysics Data System}
       }

@ARTICLE{Yamamoto2023b,
       author        = {{Yamamoto}, Masaya and {Laliotis}, Katherine and {Macbeth}, Emily and {Hirata}, Christopher and {Troxel}, M.~A. and {Zhang}, Tianqing and {Choi}, Ami and {Givans}, Jahmour and {Heitmann}, Katrin and {Ishak}, Mustapha and {Jarvis}, Mike and {Long}, Heyang and {Park}, Andy and {Porredon}, Anna and {Wood-Vasey}, W.~Michael},
       title         = "{Simulating image coaddition with the Nancy Grace Roman Space Telescope: II. Analysis of the simulated images and implications for weak lensing}",
       journal       = {arXiv e-prints},
       year          = 2023,
       month         = mar,
       archivePrefix = {arXiv},
       eid           = {arXiv:2303.08750},
       eprint        = {2303.08750}
       }


%%%%%%%%%%%%%%%%%%%%%%%%%%%% ZZZ

@ARTICLE{Zhang2011,
       author        = {{Zhang}, Jun and {Komatsu}, Eiichiro},
       title         = "{Cosmic shears should not be measured in conventional ways}",
       journal       = {\mnras},
       keywords      = {gravitational lensing: weak, methods: data analysis, techniques: image processing, large-scale structure of Universe, Astrophysics - Cosmology and Nongalactic Astrophysics, Astrophysics - Instrumentation and Methods for Astrophysics},
       year          = 2011,
       month         = jun,
       volume        = {414},
       number        = {2},
       pages         = {1047-1058},
       doi           = {10.1111/j.1365-2966.2011.18436.x},
       archivePrefix = {arXiv},
       eprint        = {1002.3615},
       primaryClass  = {astro-ph.CO},
       adsurl        = {https://ui.adsabs.harvard.edu/abs/2011MNRAS.414.1047Z},
       adsnote       = {Provided by the SAO/NASA Astrophysics Data System}
       }

@ARTICLE{Zhong2023,
       author        = {{Zhong}, Kunhao and {Saraivanov}, Evan and {Miranda}, Vivian and {Xu}, Jiachuan and {Eifler}, Tim and {Krause}, Elisabeth},
       title         = "{Growth and Geometry Split in Light of the DES-Y3 Survey}",
       journal       = {arXiv e-prints},
       keywords      = {Astrophysics - Cosmology and Nongalactic Astrophysics},
       year          = 2023,
       month         = jan,
       eid           = {arXiv:2301.03694},
       pages         = {arXiv:2301.03694},
       doi           = {10.48550/arXiv.2301.03694},
       archivePrefix = {arXiv},
       eprint        = {2301.03694},
       primaryClass  = {astro-ph.CO},
       adsurl        = {https://ui.adsabs.harvard.edu/abs/2023arXiv230103694Z},
       adsnote       = {Provided by the SAO/NASA Astrophysics Data System}
       }

@ARTICLE{Zu2014,
       author        = {{Zu}, Ying and {Weinberg}, David H. and {Rozo}, Eduardo and {Sheldon}, Erin S. and {Tinker}, Jeremy L. and {Becker}, Matthew R.},
       title         = "{Cosmological constraints from the large-scale weak lensing of SDSS MaxBCG clusters}",
       journal       = {\mnras},
       keywords      = {methods: statistical, cosmological parameters, large-scale structure of Universe, Astrophysics - Cosmology and Nongalactic Astrophysics},
       year          = 2014,
       month         = apr,
       volume        = {439},
       number        = {2},
       pages         = {1628-1647},
       doi           = {10.1093/mnras/stu033},
       archivePrefix = {arXiv},
       eprint        = {1207.3794},
       primaryClass  = {astro-ph.CO},
       adsurl        = {https://ui.adsabs.harvard.edu/abs/2014MNRAS.439.1628Z},
       adsnote       = {Provided by the SAO/NASA Astrophysics Data System}
       }